3428 5138
266 385 305 447 46
444 474 448 483 Ι
706 401 847 450 rounam
867 402 969 451 navur

265 581 364 667 Ioles,
393 590 432 650 ut
456 582 499 671 Q)
522 582 612 649 OOB
648 583 747 649 OFB.
778 585 832 650 42.
862 586 911 651 Ut
939 584 1109 670 trianguli
1139 606 1253 651 aream
1281 583 1407 650 utlibet

266 709 398 795 augebo
418 715 520 795 atque
539 710 715 775 minuam?
737 709 774 776 Si
799 711 893 776 intra
922 712 1103 798 parallelas
1132 711 1267 805 easdem
1298 711 1408 777 basim

265 837 518 922 quantamlibet
537 837 695 926 accipias.
715 839 768 903 43.
785 838 834 905 Ut
853 838 1021 926 trianguli
1041 841 1208 926 angulum
1227 840 1407 907 bisecabo?

264 965 313 1032 Ut
336 971 370 1030 et
400 967 566 1054 angulum
596 967 747 1033 bisecare
777 968 939 1035 didicisti.
966 971 1018 1035 44.
1047 971 1096 1038 Ut
1122 972 1216 1037 basis
1239 972 1407 1059 trianguli

219 1100 240 1164 b
264 1103 441 1183 segmenta
461 1096 604 1163 eandem
622 1095 800 1162 habebunt
823 1098 993 1164 rationem
1022 1120 1126 1184 quam
1142 1100 1275 1188 reliqua
1298 1101 1406 1167 trian-

261 1223 335 1311 guli
353 1223 481 1289 latora?
503 1223 541 1289 Si
561 1226 566 1312 Ι
586 1223 705 1290 eadem
723 1230 817 1291 recta
836 1225 1005 1312 trianguli
1037 1229 1204 1314 angulum
1230 1237 1264 1296 et
1297 1229 1407 1296 basim
1430 1228 1460 1290 d
1477 1228 1529 1290 ὃν

261 1353 400 1420 bisecat.
420 1355 473 1420 59.
492 1353 542 1423 Ut
560 1353 774 1440 triangulum
799 1354 1126 1442 proportionaliter?
1158 1357 1196 1421 Si
1226 1357 1269 1423 ad
1300 1381 1407 1424 unum

261 1479 413 1548 eiusdem
428 1479 520 1545 latus
536 1461 700 1567 parallela
715 1477 819 1544 ducta
835 1477 953 1564 fuerit,
968 1487 1007 1545 ut
1022 1481 1063 1568 Q
1077 1481 1144 1568 ipsi
1160 1482 1221 1547 OG
1241 1483 1316 1570 ipsa
1332 1484 1407 1549 BD.

261 1609 313 1675 60.
349 1609 399 1676 Ut
429 1606 606 1694 triangula
642 1604 952 1693 proportionalium
986 1604 1133 1672 laterum
1167 1608 1334 1674 efficiam?
1368 1610 1406 1676 Si

196 1733 238 1798 10
261 1733 500 1820 aequiangula.
519 1730 761 1819 Aequiangula
785 1737 900 1796 autem
924 1737 1026 1797 erunt
1054 1731 1150 1799 iuxta
1179 1734 1335 1820 proxime
1355 1757 1407 1800 or-

261 1861 390 1926 dinata.
415 1859 467 1924 61.
486 1858 535 1925 Ut
557 1856 733 1944 triangulo
754 1879 992 1945 quamcunque
1019 1858 1147 1925 lineam
1170 1859 1404 1927 adcommoda-

260 1984 326 2052 bo?
345 1984 384 2049 Si
402 1983 526 2050 similis
544 1983 712 2070 trianguli
731 1981 823 2050 basis
841 1983 1022 2070 efficiatur,
1047 1992 1087 2051 ut
1106 1986 1149 2075 Θ
1168 1985 1205 2051 in
1227 1985 1402 2073 triangulo

260 2115 354 2182 DEF
380 2114 507 2182 lineam
531 2113 609 2198 AB,
634 2112 691 2179 vel
717 2111 894 2201 triangulo
912 2112 1004 2179 ABO
1023 2113 1152 2180 lineam
1176 2112 1253 2180 GH.
1277 2116 1330 2180 62.
1353 2115 1403 2182 Ut

259 2238 473 2327 triangulum
492 2245 716 2326 rectagonum
740 2238 778 2304 in
802 2238 929 2306 similia
952 2239 1019 2306 sibi
1039 2247 1074 2306 et
1102 2239 1194 2306 inter
1224 2263 1259 2306 se
1288 2241 1404 2307 multi-

196 2371 237 2439 15
259 2366 417 2456 plicabo?
437 2365 475 2432 Si
494 2366 537 2432 ab
554 2367 681 2454 angulo
697 2373 791 2433 recto
806 2367 850 2433 ad
864 2366 975 2434 basim
992 2367 1284 2456 perpendicularis
1300 2368 1403 2436 ducta

260 2493 314 2580 sit,
325 2500 365 2560 ut
376 2493 414 2559 in
433 2494 472 2580 ᾖ)
489 2491 580 2571 QSN
594 2492 780 2580 triangulo,
793 2492 823 2559 si
835 2500 1003 2581 punctum
1014 2493 1038 2558 S
1051 2493 1137 2560 fluat
1148 2494 1185 2560 in
1194 2501 1362 2582 punctum
1373 2497 1401 2560 t.

259 2621 311 2685 63.
340 2618 388 2686 Ut
416 2617 632 2704 triangulum
660 2618 910 2704 aequilaterum
937 2618 1065 2685 circulo
1089 2619 1241 2686 breviter
1260 2620 1402 2686 circum-

258 2743 428 2812 scribam?
450 2742 488 2809 Si
507 2750 545 2809 ut
568 2767 672 2832 supra
702 2743 746 2809 ad
777 2745 897 2832 anguli
927 2745 1013 2811 recti
1041 2752 1260 2812 structuram.
1281 2749 1333 2813 64.
1353 2748 1403 2815 Ut

145 2868 149 2876 '
257 2872 433 2960 triangulo
471 2873 682 2960 aequilatero
717 2873 844 2941 circulo
875 2875 1043 2964 inscripto
1077 2877 1281 2965 parallelum
1314 2877 1403 2944 dabo

191 3007 236 3074 20
258 2998 580 3086 circumscriptum?
610 2998 648 3064 Si
676 3023 739 3087 per
768 2999 841 3066 eius
872 2999 1031 3089 inscripti
1061 3002 1207 3089 angulos
1233 3003 1402 3070 terminus

256 3126 502 3194 semidiametri
530 3126 567 3192 in
598 3127 775 3214 aequalem
803 3126 943 3194 fluxerit
969 3127 1182 3195 distantiam.
1208 3130 1283 3218 Ipsi
1308 3131 1401 3197 enim

257 3257 297 3343 D
329 3255 383 3322 uA
413 3255 549 3342 aequali
572 3253 665 3321 facta
687 3253 768 3339 AG,
792 3254 862 3342 ipsi
886 3255 934 3320 aO
957 3255 1093 3342 aequali
1122 3256 1169 3322 01
1197 3263 1231 3322 et
1254 3257 1322 3345 ipsi
1352 3259 1403 3323 uE

256 3381 391 3468 aequali
415 3380 488 3466 ΕΒ,
512 3380 720 3467 fluxeritque
744 3379 776 3446 G
799 3380 837 3446 in
861 3379 889 3444 L
913 3381 961 3466 [in
984 3381 1025 3467 L]
1049 3388 1084 3446 et
1112 3381 1130 3446 I
1154 3381 1191 3447 iu
1215 3381 1256 3446 G.
1281 3384 1333 3448 65.
1353 3382 1402 3449 Ut

257 3509 471 3596 triangulum
487 3508 678 3594 isoscelem,
696 3508 757 3595 qui
775 3507 900 3574 habeat
917 3513 1104 3595 utrumque
1127 3531 1258 3593 eorum,
1279 3510 1338 3596 qui
1357 3509 1400 3575 ad

190 3632 234 3699 25
257 3636 368 3703 basim
384 3643 465 3703 sunt
481 3637 696 3724 angulorum,
717 3636 860 3725 duplum
876 3636 1020 3722 reliqui?
1038 3637 1147 3703 Recta
1162 3637 1401 3725 proportiona-

256 3763 336 3828 liter
351 3762 472 3848 divisa,
493 3771 532 3829 ut
551 3762 636 3829 facit
653 3762 826 3848 Euclides,
851 3767 886 3827 et
901 3761 965 3829 hoc
983 3762 1180 3829 docebimus
1198 3763 1399 3830 brevissime

256 3890 294 3956 in
312 3889 464 3956 exoticis.
485 3891 536 3955 66.
561 3891 611 3957 Ut
634 3889 752 3956 datum
775 3888 988 3975 triangulum
1012 3889 1049 3954 in
1073 3888 1271 3969 coulstituta
1295 3888 1398 3954 trian-
1422 3889 1520 3950 dor

255 4015 337 4101 gula
356 4015 508 4102 partiar?
533 4014 571 4079 Si
594 4022 634 4079 ut
653 4016 695 4102 ξ)
715 4013 883 4100 trianguli
902 4014 992 4078 Aac
1014 4014 1120 4079 latere
1143 4011 1207 4078 AB
1223 4012 1396 4098 quadrifa-

255 4141 343 4206 riam
363 4141 488 4224 diviso,
510 4139 602 4217 ΘΕΩ
618 4139 779 4206 bifariam
799 4146 833 4205 et
851 4139 1060 4206 divisionum
1087 4145 1218 4226 puncta
1236 4139 1274 4204 in
1290 4162 1396 4226 augu-

746 4270 1379 4277 —m—--—n—-—.———

347 4308 363 4357 ὅ
385 4307 437 4357 rai
460 4306 489 4356 ui
578 4309 594 4357 7
618 4305 647 4356 ai
667 4306 771 4356 numeri
791 4304 879 4356 errati
898 4307 943 4357 det
965 4312 1028 4356 lato
1048 4308 1129 4356 ‹oo-70
1147 4304 1289 4356 restituisti
1312 4309 1394 4357 45·er

254 4386 487 4453 23fluexoritquo
551 4382 599 4455 111.
663 4386 848 4438 2·lsochalcm
910 4387 1103 4453 ίὶόειιιὸνιιΙοτιι]
1167 4388 1198 4438 27
1210 4385 1227 4436 l.
1239 4388 1393 4442 oxotoricis
