3428 5138
361 368 419 428 140
669 383 809 429 rounam
829 383 930 430 nnrru
952 386 996 429 na
1017 384 1151 440 ummo,
1174 383 1194 428 1.

359 547 435 615 tum,
456 537 608 614 efficiens,
627 537 697 597 finis
718 546 749 598 et
775 545 886 615 totum,
908 546 1053 618 punctum
1073 541 1105 599 in
1126 539 1337 615 magnitudine
1356 538 1446 598 unius
1468 547 1503 598 et

359 655 486 714 duarum
504 653 742 729 dimensionum,
765 664 885 714 atomus
907 655 1060 732 privative
1080 656 1110 715 in
1131 656 1310 734 corporibus
1331 674 1407 732 quae
1428 663 1502 715 sunt

357 771 475 849 primae
492 777 611 848 partes,
634 777 755 830 atomus
780 770 925 846 negative
950 771 982 829 in
1008 772 1083 831 iisce
1105 791 1181 847 quae
1203 778 1275 831 sunt
1296 779 1362 832 tota
1382 771 1414 830 in
1433 778 1502 831 toto

358 893 449 962 atque
467 885 615 962 singulis,
634 884 716 945 utin
735 905 822 961 voce,
841 885 942 944 anima
959 893 991 946 et
1007 886 1182 946 huiusmodi
1203 904 1314 966 genus,
1333 905 1439 947 monas
1456 906 1502 945 ra·

313 1007 333 1070 ὖ
357 1002 513 1062 tionaliter
523 1001 554 1059 in
569 1001 718 1078 numeris,
732 1001 939 1061 essentialiter
950 1001 980 1060 in
994 1001 1143 1062 omnibus.
1159 1001 1237 1063 Inde
1251 1002 1413 1062 maximum
1424 1001 1501 1061 nihil

357 1125 406 1177 est
416 1116 500 1176 aliud
512 1136 601 1192 quam
612 1115 779 1176 minimum.
792 1115 882 1175 Tolle
892 1115 1027 1194 undique
1037 1116 1194 1177 minimum
1207 1117 1336 1195 ,ubique
1346 1116 1423 1177 nihil
1434 1116 1502 1177 erit.

356 1232 455 1293 Aufer
471 1233 607 1309 undique
624 1233 797 1309 monadem,
816 1252 965 1308 nusquam
981 1234 1041 1292 erit
1057 1253 1223 1311 numerus,
1241 1233 1318 1292 nihil
1332 1233 1390 1294 erit
1401 1253 1502 1295 nume-

357 1350 468 1425 rabile,
487 1349 589 1409 nullus
606 1356 791 1410 numerator.
814 1349 896 1409 Hinc
914 1349 1059 1428 optimus,
1079 1350 1242 1428 maximus,
1260 1349 1501 1411 substantiarum

356 1466 541 1537 substantia,
560 1472 592 1524 et
609 1465 734 1542 emitae,
747 1485 807 1540 qua
824 1465 907 1525 entia
923 1472 1008 1542 suut,
1026 1466 1166 1525 monadis
1180 1467 1302 1526 nomine
1319 1464 1501 1527 celebratur.

292 1587 334 1649 10
437 1587 456 1648 t
479 1584 527 1640 22.
549 1581 687 1641 Naturae
705 1589 736 1641 et
753 1581 829 1641 artis
846 1581 1018 1641 subiectum
1036 1589 1068 1642 et
1089 1582 1254 1659 obiectum,
1270 1579 1452 1660 compositio
1470 1588 1503 1642 et

356 1697 504 1757 resolutio
526 1696 646 1773 agendo
674 1704 706 1756 et
733 1695 967 1774 contemplando
990 1716 1027 1757 ex
1047 1697 1170 1758 minimo
1194 1697 1303 1773 oritur,
1325 1696 1357 1756 in
1377 1693 1501 1756 minimo

358 1813 500 1873 consistit
518 1822 549 1873 et
566 1812 606 1871 ad
622 1812 778 1871 minimum
794 1811 959 1872 reducitur.

435 1933 455 1995 t
477 1930 525 1987 26.
537 1928 644 2003 Neque
655 1928 751 1987 multa
768 1934 892 2005 oportet
908 1947 977 1988 esse
991 1928 1182 1987 minimorum
1194 1945 1308 2004 genera
1320 1934 1410 2003 atque
1425 1925 1501 2004 figu-

358 2067 421 2122 ras,
449 2042 702 2120 quemadmodum
728 2063 826 2120 neque
857 2044 1028 2121 literarum,
1060 2052 1095 2103 ut
1125 2043 1362 2105 innumerabiles
1390 2041 1500 2103 exinde

292 2169 333 2231 15
356 2162 476 2240 species
494 2168 725 2238 componantur,
742 2161 880 2238 quamvis
894 2161 1071 2221 Democrito
1091 2169 1122 2221 ct
1136 2161 1293 2240 Leucippo
1309 2181 1368 2221 uno
1383 2160 1500 2237 figurae

356 2296 469 2354 genere
491 2277 672 2353 consistant,
696 2298 780 2354 nam,
804 2297 859 2355 pro
881 2276 1057 2337 differentia
1080 2277 1177 2337 inanis
1195 2286 1227 2337 et
1244 2276 1335 2337 solidi
1355 2277 1446 2337 huius
1466 2285 1501 2339 et

355 2394 439 2453 illius
460 2392 635 2453 situationis
664 2401 695 2451 et
724 2392 855 2469 ordinis,
878 2392 1044 2453 formarum
1065 2393 1232 2454 diversitas
1259 2393 1434 2454 necessario
1461 2392 1502 2451 de

357 2508 525 2588 sphaericis
542 2508 653 2568 atomis
670 2517 886 2586 consequetur,
902 2511 991 2569 nobis
1005 2528 1079 2570 vero
1095 2530 1224 2571 vacuum
1239 2509 1420 2589 simpliciter
1433 2528 1501 2569 curn

357 2626 467 2686 atomis
493 2644 553 2683 non
581 2622 706 2700 sufficit,
735 2631 849 2684 certam
872 2625 986 2703 quippe
1013 2634 1135 2704 oportet
1163 2645 1232 2686 esse
1259 2625 1417 2686 materiam
1442 2644 1502 2702 qua

290 2743 334 2810 20
356 2738 612 2817 conglutinentur.
628 2739 689 2799 Sed
703 2738 784 2800 forte
799 2746 830 2800 et
844 2740 897 2800 isti
911 2760 1040 2801 vacuum
1055 2761 1110 2820 pro
1123 2749 1193 2802 aare
1204 2740 1404 2820 accipiebant,
1418 2739 1501 2818 quod

356 2875 417 2916 non
435 2855 596 2915 credimus.

435 2976 453 3037 t
476 2972 524 3030 31.
547 2969 700 3030 Numerus
722 2978 771 3030 est
792 2970 933 3031 accidens
955 2971 1109 3051 monadis,
1129 2979 1161 3033 et
1177 2992 1283 3033 monas
1300 2980 1349 3033 est
1365 2973 1503 3034 essentia

358 3087 486 3162 numeri;
506 3085 550 3145 sic
567 3085 749 3164 compositio
765 3084 878 3146 accidit
895 3095 1010 3165 atomo,
1027 3095 1058 3147 et
1072 3095 1192 3148 atomus
1210 3095 1258 3148 est
1271 3089 1408 3149 essentia
1424 3108 1503 3149 com·

358 3202 460 3283 positi.
478 3201 667 3279 Principium
681 3201 799 3261 numeri
813 3222 918 3262 monas
936 3221 1003 3262 cum
1020 3224 1164 3282 numero,
1180 3204 1259 3264 sicut
1273 3210 1305 3265 et
1318 3203 1501 3284 principium

291 3328 335 3391 25
358 3316 577 3395 magnitudinis
595 3324 714 3377 atomus
732 3338 800 3378 cum
816 3317 884 3396 ipsa
900 3319 1124 3397 magnitudine,
1142 3319 1301 3381 reductive
1319 3319 1370 3380 vel
1390 3318 1501 3398 priuci-

359 3434 471 3512 paliter
487 3440 559 3492 sunt
575 3432 605 3492 in
622 3452 736 3509 genere
753 3435 948 3511 quantitatis,
967 3443 998 3495 ct
1014 3434 1186 3496 accidentia
1202 3434 1405 3514 substantiae,
1424 3454 1503 3512 quae

360 3558 408 3611 est
424 3568 530 3610 monas
548 3547 746 3625 antecedens,
765 3568 838 3609 vere
856 3557 887 3610 et
901 3570 956 3628 per
971 3570 1005 3610 se
1018 3551 1175 3611 minimum
1189 3549 1371 3630 principium
1386 3551 1502 3628 magni·

359 3667 490 3744 tudinis,
507 3667 539 3725 in
556 3686 615 3743 quo
632 3686 692 3725 non
711 3686 748 3727 ex
765 3685 823 3742 quo
830 3687 837 3740 3
858 3677 889 3725 et
907 3666 936 3726 in
957 3667 1015 3727 hae
1037 3668 1139 3727 omnia
1159 3675 1232 3727 sunt
1249 3645 1358 3745 uhum,
1374 3667 1455 3728 sicut
1470 3667 1502 3726 in

359 3784 491 3843 veritate
513 3782 605 3840 atomi
627 3781 793 3841 secundum
815 3783 949 3859 speciem
971 3801 1076 3842 omnes
1097 3783 1193 3843 atomi
1214 3783 1381 3844 secundum
1397 3802 1501 3842 nume·

293 3909 337 3971 30
360 3919 433 3958 rum.
462 3897 513 3956 Ad
537 3917 666 3975 corpora
694 3917 766 3975 ergo
793 3896 971 3976 respicienti
999 3898 1131 3958 omnium
1152 3899 1326 3958 substantia
1345 3898 1501 3958 minimum

360 4033 470 4090 corpus
492 4021 541 4072 est
562 4031 616 4073 seu
637 4021 769 4090 atomus,
793 4013 831 4072 ad
854 4014 966 4073 lineam
986 4034 1060 4074 voro
1087 4020 1178 4089 atque
1198 4013 1321 4090 planum
1342 4011 1499 4073 minimum

360 4129 441 4204 quod
458 4138 507 4189 est
523 4122 664 4207 punctus,

451 4386 467 4434 3
484 4388 621 4436 Atomum
684 4387 714 4434 11
730 4385 759 4434 iu
775 4385 969 4436 numerabiles
