3428 5138
256 423 317 482 310
561 440 700 484 rounam
721 439 823 485 naim
844 440 888 483 na
908 440 1044 501 ruarmo,
1066 438 1096 483 v.
1141 494 1150 509 ι

256 595 542 680 Quandoquidem
561 618 581 660 a
600 603 717 661 centro
736 594 895 682 opposita
915 592 952 659 in
971 593 1111 680 regione
1130 592 1274 680 perinde

257 709 357 775 Secta
376 710 451 776 basi
470 710 610 776 dabitur
628 712 724 777 velut
740 710 883 776 adversa
903 708 1021 775 extitit
1037 716 1132 792 ante,

256 826 388 914 Nempe
405 827 571 914 parallelo
587 834 651 910 est,
671 826 817 892 totidem
833 825 945 891 divisa
960 827 1132 911 tomisque

255 942 351 1007 Haec
369 943 427 1009 via
447 965 533 1028 quac
552 943 649 1008 Idolo
668 943 826 1010 divinum
846 942 1000 1008 adnectit
1018 943 1196 1025 honorem,
1376 967 1404 1003 so

213 1061 233 1122 ἴ)
257 1057 373 1143 Atque
392 1081 432 1122 ee
451 1080 519 1145 qua
538 1058 663 1145 recipit
681 1057 867 1125 iocundum
885 1058 1018 1124 Musica
1037 1058 1176 1123 Lusum.

338 1254 379 1313 Ut
398 1254 457 1313 duo
474 1252 689 1329 concilientur,
704 1252 829 1312 tertium
844 1248 996 1327 quoddam
1013 1268 1083 1309 esse
1101 1254 1236 1326 oportet,
1255 1245 1336 1324 quod
1355 1246 1401 1305 ita

258 1371 387 1430 alterum
404 1371 446 1431 sit
463 1371 501 1429 ab
523 1378 652 1448 utroque
674 1376 823 1445 extremo,
850 1376 884 1427 ut
911 1367 1003 1427 etiam
1029 1364 1145 1441 aliquid
1173 1383 1241 1424 cum
1265 1363 1401 1441 singulis

258 1491 370 1549 habeat
387 1508 545 1549 commune
563 1496 595 1549 et
611 1488 700 1548 ambo
719 1507 787 1547 cum
803 1486 866 1546 illo.

336 1614 354 1661 1
374 1609 422 1667 20.
444 1607 542 1668 Recta
557 1606 689 1668 secanda
712 1615 760 1667 est
779 1610 791 1665 1
813 1607 878 1677 HI,
894 1609 912 1665 2
930 1605 1030 1682 surgit
1050 1605 1082 1663 in
1103 1603 1287 1680 triquetrum
1303 1601 1399 1680 AHI,

195 1720 277 1783 103
306 1725 344 1785 do
372 1726 457 1784 cuius
483 1725 609 1804 cuspide
636 1726 678 1802 A,
704 1727 725 1784 4
748 1724 871 1799 quotvis
898 1723 1043 1783 adsumas
1072 1728 1177 1799 partes
1205 1727 1239 1780 ut
1267 1720 1325 1779 ΑΕ
1342 1720 1401 1779 ER

258 1842 310 1903 RS
332 1842 394 1914 SG,
419 1843 436 1899 ὗ
456 1844 488 1902 in
504 1843 695 1920 longitudine
718 1852 820 1903 rectae
847 1843 905 1920 ΑΙ,
926 1846 944 1900 6
962 1843 1060 1901 minor
1080 1838 1152 1917 Fu,
1178 1841 1195 1899 7
1217 1837 1320 1898 iuncta
1334 1858 1403 1917 par·
1507 1866 1510 1873 ·

259 1961 342 2022 tibus
373 1962 530 2020 ambarum
563 1961 622 2021 AG
655 1960 711 2019 AF
737 1960 865 2037 finibus,
894 1962 913 2018 8
939 1960 1123 2036 triquetrum
1152 1956 1244 2017 simili
1278 1956 1398 2015 ratione

258 2077 359 2156 Are,
378 2081 397 2139 9
419 2078 496 2139 fines
513 2078 645 2158 partitae
662 2079 693 2139 H
710 2079 727 2138 Ι
743 2078 785 2156 Κ,
808 2079 846 2137 10
862 2077 992 2155 angulus
1012 2078 1055 2154 A,
1076 2079 1110 2135 11
1129 2076 1211 2136 latus
1232 2080 1402 2135 extremum

259 2198 430 2258 subiectum
447 2199 505 2260 HI.

194 2312 235 2379 15
339 2325 355 2372 ‘t
376 2319 424 2378 35.
445 2318 481 2377 In
499 2338 609 2396 magno
635 2319 709 2378 oluit
725 2337 867 2396 parvum,
885 2318 976 2376 immo
995 2324 1026 2377 et
1044 2317 1076 2375 in
1097 2335 1285 2393 quocumque
1307 2335 1400 2394 oppo-

259 2438 319 2497 sito
338 2438 522 2516 oppositum.
545 2437 592 2496 Ex
614 2437 721 2496 eodem
742 2436 822 2496 enim
839 2436 915 2495 haec
939 2456 1009 2497 esse
1037 2433 1169 2496 fonteio
1187 2435 1399 2514 superioribus

259 2564 291 2615 et
306 2556 338 2614 in
355 2556 424 2615 aliis
442 2554 752 2633 contemplationibus
770 2553 968 2614 ostendimus.
990 2555 1035 2615 Ut
1048 2561 1080 2614 et
1093 2555 1145 2613 lux
1166 2573 1263 2632 neque
1278 2574 1313 2614 se
1329 2554 1400 2632 ipsa

260 2690 357 2748 nequo
376 2671 442 2749 pari
460 2671 532 2747 alia,
551 2690 651 2747 neque
667 2670 775 2730 maiori
795 2669 876 2747 luce,
903 2669 1007 2729 sedin
1031 2671 1168 2731 tenebris
1191 2677 1223 2730 et
1244 2690 1300 2749 per
1319 2676 1403 2729 tene·

259 2788 332 2847 bras
350 2793 399 2847 est
416 2787 581 2847 sensibilis.
599 2787 644 2846 Ut
664 2794 696 2846 et
721 2786 836 2847 virtute
865 2786 1038 2846 collationis
1065 2787 1209 2846 eximium
1233 2786 1265 2846 in
1291 2784 1405 2862 exigua

192 2902 236 2964 20
259 2922 379 2980 gemma
396 2903 552 2980 gigantem
570 2902 775 2982 appingimus.

338 3016 423 3079 136.
449 3022 485 3078 12
510 3039 607 3099 parva
630 3019 712 3079 linea
738 3019 806 3094 DE,
842 3021 879 3078 13
906 3019 1003 3079 maius
1028 3018 1208 3095 triquetrum
1235 3016 1336 3093 Are,
1361 3019 1400 3076 14

259 3144 349 3215 capta
370 3156 503 3215 superne
530 3137 598 3213 PG,
624 3141 661 3197 15
683 3137 839 3197 subiectus
867 3135 958 3196 cardo
985 3137 1025 3211 A,
1047 3137 1084 3195 16
1110 3135 1187 3194 fines
1209 3132 1400 3194 confluentes

258 3254 318 3315 HI
335 3255 379 3333 K,
405 3257 441 3316 17
463 3257 644 3333 triquetrum
661 3256 764 3332 ALM,
783 3257 821 3314 18
834 3255 973 3332 geminae
988 3261 1091 3314 costae
1107 3254 1152 3313 [Α
1170 3253 1244 3329 ΗΑ,
1265 3254 1301 3312 19
1319 3251 1401 3311 ultra

261 3372 445 3434 mMmL

701 3692 854 3760 CAPV'F
890 3694 966 3760 VII.

728 3877 935 3922 naruaorou.

662 4045 750 4082 Pratum
766 4044 900 4094 tmpcrotum
915 4045 1002 4084 nissum.

349 4183 429 4247 Non
449 4204 534 4268 opus
553 4186 604 4245 cst
623 4180 693 4245 alia
711 4180 872 4245 methodo
893 4203 958 4265 qua
979 4187 1014 4245 ct
1033 4179 1275 4266 induperatam

261 4298 444 4364 Discindas
463 4308 597 4384 partem
617 4308 708 4362 certa
730 4320 747 4359 o
767 4297 950 4378 lougedino
969 4304 1083 4383 posta,

720 4419 1088 4427 ——---.--
1105 4420 1114 4425 -
1133 4420 1141 4425 -
1163 4418 1275 4425 ...ι-..-
1297 4418 1402 4427 ..n—.-

355 4461 385 4511 21
402 4476 512 4509 uumrro
524 4461 565 4527 uo}
586 4462 615 4508 lt
675 4458 707 4507 21
725 4458 756 4525 L}
772 4458 799 4508 K
