3428 5138
258 380 318 438 208
563 394 702 439 renuam
721 393 824 440 nauum
845 393 890 437 un
909 391 1044 448 ummo,
1067 392 1101 436 11.

258 556 330 609 runt
345 569 487 611 numeros
505 549 678 611 convenire.
696 549 902 627 Aequalitatis
913 568 1003 629 porro
1016 548 1304 628 inaequalitatisqne
1315 549 1406 611 diffe

256 670 384 747 tentiae,
401 689 479 748 quae
496 669 585 729 nobis
607 688 738 747 paucae,
760 675 883 740 tenues,
910 678 1076 729 extraneae
1092 676 1185 746 atque
1200 670 1304 730 nullae
1330 679 1406 733 sunt

258 788 452 867 conspicuae,
469 789 520 847 vix
534 787 689 866 quippiam
706 806 773 847 cnm
789 786 1151 866 incomprehensibilibus
1172 787 1235 850 illis
1254 796 1404 868 poterunt

257 906 372 969 habere
389 911 556 969 oo'mmune.

213 1024 235 1088 5
337 1027 355 1074 Ί
376 1027 423 1085 74.
446 1026 496 1086 Sic
514 1023 619 1085 decem
641 1023 780 1084 homines
797 1031 830 1084 et
845 1022 952 1084 decem
972 1023 1056 1103 equi,
1071 1026 1122 1102 qui
1144 1025 1265 1102 aequali
1281 1027 1404 1089 eodem-

257 1164 316 1222 que
338 1143 442 1224 specie
463 1143 657 1204 arithmetica
683 1162 808 1203 numero
831 1140 1032 1217 definiuntur,
1055 1143 1182 1222 physice
1199 1145 1340 1207 nimirum
1354 1167 1403 1208 ae-

258 1261 438 1337 qualitatem
453 1259 581 1320 eandem
600 1267 691 1335 atque
705 1277 863 1319 numerum
882 1258 939 1318 sub
956 1257 1064 1319 eodem
1082 1260 1249 1336 aequivoco
1265 1264 1401 1341 nomine,

259 1402 320 1441 non
337 1389 440 1442 autem
455 1382 512 1441 sub
530 1379 637 1441 eadem
655 1380 784 1441 univoca
798 1379 917 1440 ratione
934 1379 1128 1442 censebimus
1144 1381 1268 1445 habere.

338 1505 425 1565 Ἥ98.
446 1502 531 1562 Nihil
553 1501 703 1563 variabile
724 1507 816 1576 atque
838 1500 1041 1580 compositum
1061 1501 1094 1560 in
1114 1501 1234 1563 duobus
1254 1504 1403 1583 temporis

195 1623 238 1686 10
260 1620 422 1682 momentis
440 1619 558 1680 eisdem
577 1637 704 1696 prorsus
721 1615 861 1696 partibus
878 1615 1044 1692 eodemque
1062 1618 1194 1696 partium
1212 1618 1319 1680 ordine
1336 1639 1404 1681 oon·

258 1740 355 1819 sistit,
375 1759 440 1799 oum
460 1736 592 1798 effluxus
612 1735 804 1810 influxusque
825 1742 996 1795 atomorum
1016 1737 1048 1796 in
1069 1738 1208 1798 omnibus
1229 1739 1402 1800 huiusmodi

258 1858 301 1920 sit
316 1857 489 1932 continuus,
509 1862 698 1933 quapropter
718 1872 816 1930 neque
837 1871 894 1929 pro
912 1853 1043 1931 partium
1066 1839 1231 1933 primarum
1247 1856 1403 1935 integran-

258 1976 334 2038 tium
351 1975 471 2035 ratione
486 1972 569 2033 idem
589 1972 633 2032 ita
654 1971 703 2031 bis
720 1971 877 2030 nominare
894 1971 1025 2050 poteris,
1041 1979 1075 2032 ut
1092 1972 1140 2033 bis
1158 1992 1218 2033 uno
1234 1973 1403 2050 eodemque

260 2093 448 2152 nominares
467 2089 587 2149 omnino
602 2107 662 2147 una
679 2085 870 2164 significetur
887 2095 979 2166 atque
996 2087 1114 2151 eadem.

194 2216 236 2279 15
340 2211 357 2258 ‘l
380 2213 447 2272 122.
468 2209 501 2270 Si
518 2210 549 2268 in
567 2213 679 2286 quanto
697 2227 757 2268 non
779 2214 829 2268 est
845 2205 1001 2268 definibile
1022 2208 1183 2268 maximum
1206 2229 1304 2287 neque
1318 2211 1404 2271 iniui-

258 2352 339 2391 mum
360 2349 458 2408 neque
479 2328 642 2408 punctnale
660 2327 806 2404 medium,
823 2330 947 2404 quinam
961 2329 1076 2406 poterit
1096 2336 1222 2404 quotum
1246 2330 1401 2409 quippiam

259 2449 397 2509 eiusdem
427 2445 646 2523 magnitudinis
673 2445 815 2505 definiri?
838 2442 977 2515 Quonam
1000 2445 1125 2525 insuper
1145 2446 1249 2525 modo,
1272 2468 1330 2508 uno
1351 2450 1400 2510 ho-

258 2586 325 2625 rum
343 2563 484 2643 quopiam
502 2570 603 2623 stante
620 2561 788 2638 indefinito,
807 2568 906 2623 totum
922 2567 976 2621 aut
992 2560 1053 2621 alia
1069 2563 1229 2642 quaepiam
1247 2563 1287 2624 ad
1303 2572 1401 2626 totum

259 2704 332 2762 pars
354 2682 470 2762 poterit
486 2702 556 2744 esse
574 2681 797 2743 determinata?

710 3083 863 3150 CAPV'P
896 3085 956 3149 VI.

484 3281 592 3322 Excurulo
605 3281 699 3333 physica
709 3281 737 3320 ad
749 3280 839 3321 animae
852 3282 956 3320 naturam
969 3280 1178 3330 contemplandam.

346 3469 439 3554 Ergo
459 3475 609 3534 eternam
629 3474 767 3532 tentum
786 3476 948 3532 naturam
968 3465 1096 3532 dixeris
1112 3489 1184 3533 osse

257 3585 442 3672 Perpetu0‚
463 3584 559 3651 ciuus
576 3583 671 3649 nulla
690 3591 750 3649 aiat
769 3583 909 3670 proprio
927 3605 998 3649 una
1016 3583 1127 3669 figura
1146 3590 1207 3648 est.

258 3701 351 3787 Ergo
369 3708 494 3766 natura
514 3708 566 3765 est
585 3699 693 3764 animi
711 3699 831 3764 divina
850 3705 1001 3786 reperta,
1096 3782 1100 3789 Ι

191 3816 234 3879 25
260 3817 369 3895 (liram
388 3838 459 3883 non
475 3817 643 3899 alteritas,
664 3839 735 3882 uon
753 3815 867 3904 passio
887 3814 1025 3881 conficit
1040 3815 1125 3898 ulla,

174 3984 179 3992 .
258 3934 420 4019 Quaeque
439 3942 478 3999 ut
498 3934 561 3998 sub
581 3933 653 3997 fato
670 3940 722 3998 est
738 3932 899 4015 obnoxie,
920 3931 1170 4019 compositique

258 4049 300 4113 Iu
319 4062 453 4136 partem
472 4048 628 4133 ueniens,
650 4056 823 4114 momento
842 4047 902 4113 viu
921 4054 1038 4112 manet
1056 4069 1125 4113 uno

259 4165 359 4230 Sorte
378 4165 501 4231 affecte
517 4164 610 4252 pari,
630 4164 764 4229 numeri
780 4186 917 4249 unoque
936 4162 1055 4229 ordine
1073 4169 1216 4250 perstet.

738 4336 749 4341 -
790 4334 880 4341 —---
903 4336 936 4340 .-
955 4332 1039 4341 .-φ-
1090 4334 1126 4340 ..-
1142 4334 1186 4340 -...
1203 4335 1217 4338 ,4

348 4420 455 4490 5oqui]
474 4421 558 4487 aequi
