3428 5138
567 450 883 496 cournurnarmuss
902 451 947 494 nx
968 451 1100 496 mauro.
1343 435 1403 494 219

261 603 343 664 Vide
356 604 451 680 igitur
465 623 504 662 an
521 622 709 680 quacumque
724 604 857 683 partium
868 603 942 664 data
955 603 1075 663 ratione
1091 622 1310 681 quamcumque
1328 605 1405 665 eins-

263 719 333 781 dem
354 720 476 798 generis
498 718 604 781 valeas
625 739 738 798 augere
756 720 893 798 figuram.
919 720 999 781 Vide
1021 720 1115 781 etiam
1137 741 1175 780 an
1196 728 1403 799 pentagonum

264 836 324 895 alia
334 835 436 915 possis
448 836 560 897 circulo
573 836 692 896 ratione
706 837 876 897 inscribere
894 836 944 920 ¹vel
956 836 1206 897 circumscribere
1215 838 1402 914 cuicumque,

263 959 476 1030 praeterquam
498 974 517 1012 a
536 952 624 1013 radio
652 961 735 1014 certa
762 950 881 1013 ratione
903 960 1059 1013 crescente
1078 952 1287 1014 subtractione
1306 971 1406 1013 asex-

216 1060 237 1123 ὅ
261 1075 346 1129 tante
374 1068 464 1148 facta,
482 1071 563 1130 unde
581 1070 693 1130 divisio
708 1069 811 1131 circuli
829 1089 889 1130 non
907 1069 946 1130 ad
963 1070 1131 1148 rationem,
1151 1069 1207 1130 sed
1224 1069 1263 1129 ad
1280 1087 1403 1130 sensum

261 1183 344 1246 iacta
371 1185 508 1247 exactior
528 1187 703 1265 apparebit,
727 1186 878 1265 adquam
900 1205 974 1249 sane
997 1186 1186 1247 exactionem
1210 1186 1311 1262 quarti
1332 1205 1406 1262 gno·

260 1304 358 1364 monis
383 1301 571 1381 peripheria,
591 1323 701 1382 nempe
718 1312 848 1382 quatuor
867 1312 899 1364 et
919 1303 1030 1382 viginti
1043 1303 1178 1382 partium
1195 1301 1335 1380 adducit,
1352 1301 1404 1362 nbi

260 1427 359 1479 totum
379 1439 440 1479 una
462 1428 493 1479 et
514 1419 676 1497 sexaginta
697 1419 884 1483 similaribus
905 1420 1045 1498 partibus
1068 1418 1225 1497 consistit,
1244 1418 1407 1495 sexaginta

260 1536 425 1614 triangulis
455 1535 633 1596 curvilineis
658 1535 796 1597 recurvis
823 1527 984 1614 sigillatim
1009 1535 1150 1597 omnibus
1177 1534 1254 1595 citra
1284 1533 1405 1595 unicam

198 1646 239 1709 10
262 1659 381 1730 partem
398 1652 530 1712 mediam
545 1652 773 1732 recipientibus.

341 1780 358 1825 u
382 1771 426 1828 16.
449 1768 500 1828 Ad
525 1789 713 1830 communem
732 1778 764 1829 et
785 1769 915 1830 similem
936 1768 1046 1829 similis
1068 1767 1288 1847 magnitudinis
1312 1776 1404 1844 atque

260 1882 377 1960 figurae
399 1893 519 1964 partem
539 1883 656 1946 referre
681 1892 804 1965 oportet
825 1905 861 1946 ea
882 1905 960 1962 quae
981 1884 1121 1960 aequalia
1138 1884 1301 1945 iudicanda
1318 1893 1403 1963 sunt,

260 1999 326 2061 sive
345 2000 510 2062 secundum
528 2007 654 2063 naturae
676 2002 743 2062 sive
760 2001 927 2064 secundum
947 2002 1074 2063 rationis
1096 2000 1234 2062 ordinem
1255 2010 1347 2079 atque
1364 2002 1419 2060 le·'

260 2136 330 2193 gem
348 2117 469 2196 operari
486 2118 692 2179 instituamus.

196 2237 237 2300 15
341 2238 358 2282 ςι
379 2236 426 2294 22.
449 2233 684 2295 Inartificiosam
702 2234 1000 2314 ageometricamque
1018 2232 1326 2312 transfigurationem,
1342 2253 1403 2312 qua

262 2371 299 2411 ex
317 2349 423 2411 eadem
442 2371 511 2411 cera
531 2360 562 2411 st
578 2352 702 2430 plumbo
720 2352 755 2412 fit
777 2354 886 2430 cubus,
905 2352 1050 2431 pyramis,
1069 2351 1180 2428 globus
1201 2360 1233 2412 et
1259 2351 1403 2427 quidcun-

261 2487 320 2545 que
338 2467 422 2527 aliud
439 2469 674 2546 aequilaterum,
693 2489 753 2529 non
771 2469 965 2547 impedimus.
987 2468 1037 2529 Ita
1058 2468 1170 2548 quippe
1193 2468 1346 2529 variorum
1365 2466 1405 2527 lo-

260 2603 364 2644 corum
383 2584 640 2662 terminorumqne
663 2583 782 2645 ratione
809 2585 938 2645 materia
964 2584 1050 2645 varie
1070 2583 1202 2645 rarescit
1227 2593 1319 2661 atque
1337 2604 1405 2645 con-

260 2700 387 2777 crescit,
403 2700 612 2778 comprimitur
627 2708 658 2761 et
676 2700 866 2778 extenditur;
883 2700 1137 2778 quemadmodum
1153 2719 1298 2761 excessus
1313 2707 1403 2777 atque

193 2813 237 2877 20
260 2817 400 2878 defectus
417 2817 611 2880 differentiae
628 2819 660 2878 in
677 2820 806 2881 materia
823 2818 963 2881 sensibili
985 2826 1057 2879 sunt
1078 2819 1225 2879 occultae.
1245 2818 1405 2897 Compres-

258 2934 344 2996 sione
359 2935 473 3014 quippe
490 2936 694 3014 corporalium
712 2936 934 2997 dimensionum
951 2935 1148 3016 pyramidem
1169 2957 1206 2997 ex
1222 2936 1314 3014 globo
1334 2933 1404 2998 faci-

259 3072 326 3112 mus
343 3059 434 3128 atque
453 3054 572 3130 cubum,
594 3054 646 3114 ubi
662 3053 737 3114 licet
756 3052 832 3113 nihil
851 3054 889 3114 de
911 3053 1051 3132 partibus
1072 3054 1181 3114 solidis
1198 3053 1337 3114 additum
1353 3054 1405 3114 hn-

258 3169 367 3229 beatur
378 3168 428 3229 vel
439 3170 644 3247 subtractum,
658 3171 933 3231 alteratamtamen
950 3169 1132 3231 inscitatum
1150 3178 1241 3245 etque
1258 3191 1402 3249 pororum

258 3283 497 3362 magnitudinem
526 3305 595 3347 esse
613 3293 748 3365 oportet,
766 3286 887 3363 quando
910 3295 974 3346 tum
994 3286 1046 3363 qui
1074 3306 1111 3346 ex
1129 3285 1279 3362 quadrato
1297 3286 1404 3363 sphae-

192 3402 235 3465 ‘25
258 3421 334 3476 ram,
355 3409 419 3462 turn
436 3403 488 3477 qui
506 3421 543 3462 ex
565 3403 698 3482 sphaera
719 3403 900 3479 quadratum
924 3403 1061 3481 molitur,
1088 3401 1247 3462 materiam
1274 3400 1403 3463 eandem

258 3519 350 3580 aliter
367 3527 458 3596 atque
476 3520 567 3581 aliter
581 3520 754 3600 comprimit
770 3530 799 3580 et
820 3519 962 3581 infundit.
983 3519 1210 3582 inconsiderati
1227 3539 1301 3597 ergo
1326 3540 1403 3580 cras·

259 3636 390 3698 siorisve
407 3637 522 3714 ingenii
540 3647 588 3698 est
605 3658 642 3699 ex
652 3638 863 3698 huiuscemodi
873 3639 978 3716 praxis
994 3637 1188 3698 successibus
1206 3635 1403 3715 aequalitatis

258 3756 307 3815 vel
326 3754 405 3814 alius
423 3754 576 3814 ratiocinii
597 3754 758 3816 desumere
776 3764 965 3832 argumenta.

339 3879 355 3925 ‘l
377 3873 425 3931 45.
448 3869 509 3932 Sed
527 3871 686 3947 urgentius
697 3871 844 3932 motivum
856 3880 904 3932 est
921 3891 958 3932 ex
973 3892 1008 3933 eo
1025 3871 1106 3947 quod
1123 3870 1263 3933 videmus
1279 3870 1403 3949 generis

193 3984 237 4049 30
259 3987 348 4048 liuius
365 3987 499 4049 artifices
514 4007 634 4048 omnem
651 3988 837 4066 triangulum
854 3990 884 4049 in
902 3999 1102 4067 rectagonum
1118 4000 1252 4068 mutare,
1275 4011 1312 4051 ex
1333 3991 1402 4070 ipso

259 4103 578 4183 parallelogrammum
606 4104 795 4166 constituere
816 4106 860 4165 illi
882 4108 1056 4185 aequalem,
1072 4107 1155 4184 quod
1172 4127 1228 4187 pro
1251 4106 1339 4167 libito
1360 4106 1403 4166 in·

259 4222 307 4280 l'ra
324 4220 448 4282 easdem
466 4221 632 4300 parallelas
650 4221 689 4281 ad
711 4222 875 4284 cuiuslibet
895 4224 998 4302 anguli
1019 4243 1156 4286 normam
1183 4223 1354 4304 producant
1371 4229 1403 4284 et

265 4388 323 4396 ——·-.
578 4392 582 4396 .
604 4390 721 4397 -----
748 4391 756 4397 .
854 4392 858 4397 .
1048 4394 1068 4399 --
1233 4394 1237 4398 .
1257 4394 1265 4398 .
1310 4389 1396 4399 .-·--—

354 4474 385 4522 rc
401 4486 484 4521 caera
