<?xml version="1.0" encoding="UTF-8"?>
<!DOCTYPE html PUBLIC "-//W3C//DTD XHTML 1.0 Transitional//EN"
    "http://www.w3.org/TR/xhtml1/DTD/xhtml1-transitional.dtd">
<html xmlns="http://www.w3.org/1999/xhtml" xml:lang="en" lang="en">
 <head>
  <title>
</title>
<meta http-equiv="Content-Type" content="text/html;charset=utf-8" />
  <meta name='ocr-system' content='tesseract 3.04.00' />
  <meta name='ocr-capabilities' content='ocr_page ocr_carea ocr_par ocr_line ocrx_word'/>
</head>
<body>
  <div class='ocr_page' id='page_1' title='image "./jordanibruninol01brungoog_0263.png"; bbox 0 0 3428 5138; ppageno 0'>
   <div class='ocr_carea' id='block_1_1' title="bbox 575 435 983 484">
    <p class='ocr_par' dir='ltr' id='par_1_1' title="bbox 575 435 983 484">
     <span class='ocr_line' id='line_1_1' title="bbox 575 435 983 484; baseline -0.012 0"><span class='ocrx_word' id='word_1_1' title='bbox 575 439 619 484; x_wconf 74' lang='lat' dir='ltr'>DE</span> <span class='ocrx_word' id='word_1_2' title='bbox 639 436 841 484; x_wconf 74' lang='lat' dir='ltr'><strong>INVENTIONE</strong></span> <span class='ocrx_word' id='word_1_3' title='bbox 860 435 983 483; x_wconf 77' lang='lat' dir='ltr'>umnss.</span> 
     </span>
    </p>
   </div>
   <div class='ocr_carea' id='block_1_2' title="bbox 657 828 916 895">
    <p class='ocr_par' dir='ltr' id='par_1_2' title="bbox 657 828 916 895">
     <span class='ocr_line' id='line_1_2' title="bbox 657 828 916 895; baseline -0.008 -2"><span class='ocrx_word' id='word_1_4' title='bbox 657 828 810 895; x_wconf 82' lang='lat' dir='ltr'><strong>OAPVT</strong></span> <span class='ocrx_word' id='word_1_5' title='bbox 837 828 916 894; x_wconf 88' lang='lat' dir='ltr'>VII.</span> 
     </span>
    </p>
   </div>
   <div class='ocr_carea' id='block_1_3' title="bbox 254 1037 1316 1091">
    <p class='ocr_par' dir='ltr' id='par_1_3' title="bbox 254 1037 1316 1091">
     <span class='ocr_line' id='line_1_3' title="bbox 254 1037 1316 1091; baseline -0.005 -8"><span class='ocrx_word' id='word_1_6' title='bbox 254 1043 345 1083; x_wconf 80' lang='lat' dir='ltr'>Partem</span> <span class='ocrx_word' id='word_1_7' title='bbox 360 1043 565 1091; x_wconf 74' lang='lat' dir='ltr'><strong>quantamcumque</strong></span> <span class='ocrx_word' id='word_1_8' title='bbox 580 1042 649 1089; x_wconf 77' lang='lat' dir='ltr'><strong>quota</strong></span> <span class='ocrx_word' id='word_1_9' title='bbox 662 1039 691 1080; x_wconf 82' lang='lat' dir='ltr'>alt</span> <span class='ocrx_word' id='word_1_10' title='bbox 707 1040 777 1079; x_wconf 79' lang='grc'>111111</span> <span class='ocrx_word' id='word_1_11' title='bbox 791 1039 939 1091; x_wconf 74' lang='lat' dir='ltr'>examinabo,</span> <span class='ocrx_word' id='word_1_12' title='bbox 955 1043 978 1080; x_wconf 81' lang='lat' dir='ltr'>at</span> <span class='ocrx_word' id='word_1_13' title='bbox 992 1039 1081 1080; x_wconf 77' lang='lat' dir='ltr'>tabulas</span> <span class='ocrx_word' id='word_1_14' title='bbox 1094 1039 1185 1079; x_wconf 81' lang='lat' dir='ltr'>alnuum</span> <span class='ocrx_word' id='word_1_15' title='bbox 1200 1037 1316 1078; x_wconf 77' lang='lat' dir='ltr'>abtlclam.</span> 
     </span>
    </p>
   </div>
   <div class='ocr_carea' id='block_1_4' title="bbox 150 1291 1516 3826">
    <p class='ocr_par' dir='ltr' id='par_1_4' title="bbox 303 1291 1253 1360">
     <span class='ocr_line' id='line_1_4' title="bbox 303 1291 1253 1360; baseline -0.002 -2"><span class='ocrx_word' id='word_1_16' title='bbox 303 1293 469 1358; x_wconf 86' lang='lat' dir='ltr'>Sensibus</span> <span class='ocrx_word' id='word_1_17' title='bbox 488 1293 659 1357; x_wconf 88' lang='lat' dir='ltr'>occultum</span> <span class='ocrx_word' id='word_1_18' title='bbox 679 1291 861 1357; x_wconf 90' lang='lat' dir='ltr'>minimum</span> <span class='ocrx_word' id='word_1_19' title='bbox 880 1299 921 1359; x_wconf 90' lang='grc'>11</span> <span class='ocrx_word' id='word_1_20' title='bbox 939 1299 1098 1360; x_wconf 83' lang='grc'>11111111</span> <span class='ocrx_word' id='word_1_21' title='bbox 1117 1299 1152 1358; x_wconf 88' lang='lat' dir='ltr'>et</span> <span class='ocrx_word' id='word_1_22' title='bbox 1171 1291 1253 1357; x_wconf 85' lang='lat' dir='ltr'>inde</span> 
     </span>
    </p>

    <p class='ocr_par' dir='ltr' id='par_1_5' title="bbox 214 1407 1029 1495">
     <span class='ocr_line' id='line_1_5' title="bbox 214 1407 1029 1495; baseline -0.001 -20"><span class='ocrx_word' id='word_1_23' title='bbox 214 1409 382 1476; x_wconf 89' lang='lat' dir='ltr'>Continui</span> <span class='ocrx_word' id='word_1_24' title='bbox 401 1408 550 1473; x_wconf 88' lang='lat' dir='ltr'>nihilum</span> <span class='ocrx_word' id='word_1_25' title='bbox 566 1407 681 1494; x_wconf 87' lang='lat' dir='ltr'>fugiat</span> <span class='ocrx_word' id='word_1_26' title='bbox 699 1407 845 1495; x_wconf 85' lang='lat' dir='ltr'>rationis</span> <span class='ocrx_word' id='word_1_27' title='bbox 864 1408 1029 1475; x_wconf 85' lang='lat' dir='ltr'><strong>amussim</strong></span> 
     </span>
    </p>

    <p class='ocr_par' dir='ltr' id='par_1_6' title="bbox 170 1524 1353 2080">
     <span class='ocr_line' id='line_1_6' title="bbox 170 1524 1130 1612; baseline -0.003 -20"><span class='ocrx_word' id='word_1_28' title='bbox 170 1529 191 1592; x_wconf 76' lang='grc' dir='ltr'><em>ὃ</em></span> <span class='ocrx_word' id='word_1_29' title='bbox 214 1526 330 1610; x_wconf 84' lang='lat' dir='ltr'>Atque</span> <span class='ocrx_word' id='word_1_30' title='bbox 349 1525 457 1590; x_wconf 85' lang='lat' dir='ltr'>aciem</span> <span class='ocrx_word' id='word_1_31' title='bbox 477 1546 609 1608; x_wconf 82' lang='lat' dir='ltr'>sensus,</span> <span class='ocrx_word' id='word_1_32' title='bbox 629 1546 692 1589; x_wconf 89' lang='lat' dir='ltr'>nec</span> <span class='ocrx_word' id='word_1_33' title='bbox 711 1524 891 1610; x_wconf 86' lang='lat' dir='ltr'>desperare</span> <span class='ocrx_word' id='word_1_34' title='bbox 910 1546 996 1612; x_wconf 91' lang='lat' dir='ltr'>opus</span> <span class='ocrx_word' id='word_1_35' title='bbox 1015 1524 1130 1612; x_wconf 89' lang='lat' dir='ltr'>ipsum</span> 
     </span>
     <span class='ocr_line' id='line_1_7' title="bbox 215 1641 1032 1729; baseline 0 -22"><span class='ocrx_word' id='word_1_36' title='bbox 215 1643 348 1709; x_wconf 72' lang='lat' dir='ltr'>Laruae</span> <span class='ocrx_word' id='word_1_37' title='bbox 367 1643 440 1708; x_wconf 90' lang='lat' dir='ltr'>eius</span> <span class='ocrx_word' id='word_1_38' title='bbox 458 1642 568 1729; x_wconf 88' lang='lat' dir='ltr'>possis</span> <span class='ocrx_word' id='word_1_39' title='bbox 588 1641 700 1728; x_wconf 89' lang='lat' dir='ltr'>specie</span> <span class='ocrx_word' id='word_1_40' title='bbox 720 1642 915 1724; x_wconf 87' lang='lat' dir='ltr'>(conamina</span> <span class='ocrx_word' id='word_1_41' title='bbox 933 1643 1032 1729; x_wconf 84' lang='lat' dir='ltr'>vulgi</span> 
     </span>
     <span class='ocr_line' id='line_1_8' title="bbox 216 1758 1353 1848; baseline 0 -22"><span class='ocrx_word' id='word_1_42' title='bbox 216 1762 373 1847; x_wconf 87' lang='lat' dir='ltr'>Namque</span> <span class='ocrx_word' id='word_1_43' title='bbox 393 1761 475 1826; x_wconf 89' lang='lat' dir='ltr'>olim</span> <span class='ocrx_word' id='word_1_44' title='bbox 495 1758 632 1846; x_wconf 84' lang='lat' dir='ltr'>ingenti</span> <span class='ocrx_word' id='word_1_45' title='bbox 651 1758 766 1825; x_wconf 86' lang='lat' dir='ltr'>studio</span> <span class='ocrx_word' id='word_1_46' title='bbox 785 1766 891 1845; x_wconf 85' lang='lat' dir='ltr'><strong>atquo</strong></span> <span class='ocrx_word' id='word_1_47' title='bbox 908 1760 1027 1827; x_wconf 85' lang='lat' dir='ltr'>labore</span> <span class='ocrx_word' id='word_1_48' title='bbox 1044 1761 1195 1848; x_wconf 87' lang='lat' dir='ltr'>petitum</span> <span class='ocrx_word' id='word_1_49' title='bbox 1340 1787 1353 1826; x_wconf 82' lang='grc'>,1</span> 
     </span>
     <span class='ocr_line' id='line_1_9' title="bbox 216 1877 1048 1963; baseline 0 -20"><span class='ocrx_word' id='word_1_50' title='bbox 216 1880 344 1963; x_wconf 83' lang='lat' dir='ltr'>Elusit,</span> <span class='ocrx_word' id='word_1_51' title='bbox 364 1878 473 1944; x_wconf 87' lang='lat' dir='ltr'>veluti</span> <span class='ocrx_word' id='word_1_52' title='bbox 492 1877 608 1944; x_wconf 86' lang='lat' dir='ltr'>fauces</span> <span class='ocrx_word' id='word_1_53' title='bbox 627 1899 718 1963; x_wconf 89' lang='lat' dir='ltr'><strong>aqua</strong></span> <span class='ocrx_word' id='word_1_54' title='bbox 737 1877 877 1943; x_wconf 76' lang='lat' dir='ltr'>Tantali</span> <span class='ocrx_word' id='word_1_55' title='bbox 895 1877 1048 1962; x_wconf 87' lang='lat' dir='ltr'>adustas,</span> 
     </span>
     <span class='ocr_line' id='line_1_10' title="bbox 217 1993 1182 2080; baseline -0.001 -20"><span class='ocrx_word' id='word_1_56' title='bbox 217 1995 416 2060; x_wconf 83' lang='lat' dir='ltr'><strong>Narcissum</strong></span> <span class='ocrx_word' id='word_1_57' title='bbox 435 1995 623 2079; x_wconf 87' lang='lat' dir='ltr'>vultusque</span> <span class='ocrx_word' id='word_1_58' title='bbox 642 2016 737 2075; x_wconf 86' lang='lat' dir='ltr'><strong>suus,</strong></span> <span class='ocrx_word' id='word_1_59' title='bbox 757 2015 818 2058; x_wconf 89' lang='lat' dir='ltr'><strong>sua</strong></span> <span class='ocrx_word' id='word_1_60' title='bbox 837 2015 961 2080; x_wconf 85' lang='lat' dir='ltr'>corpus</span> <span class='ocrx_word' id='word_1_61' title='bbox 979 1999 1013 2059; x_wconf 91' lang='lat' dir='ltr'>et</span> <span class='ocrx_word' id='word_1_62' title='bbox 1031 1993 1182 2078; x_wconf 85' lang='lat' dir='ltr'>umbra),</span> 
     </span>
    </p>

    <p class='ocr_par' dir='ltr' id='par_1_7' title="bbox 150 2110 1215 2664">
     <span class='ocr_line' id='line_1_11' title="bbox 150 2110 1192 2199; baseline -0.002 -21"><span class='ocrx_word' id='word_1_63' title='bbox 150 2115 194 2179; x_wconf 90' lang='grc'>10</span> <span class='ocrx_word' id='word_1_64' title='bbox 218 2112 293 2190; x_wconf 80' lang='lat' dir='ltr'><strong>Qua</strong></span> <span class='ocrx_word' id='word_1_65' title='bbox 311 2120 391 2199; x_wconf 88' lang='lat' dir='ltr'>pote</span> <span class='ocrx_word' id='word_1_66' title='bbox 411 2112 457 2177; x_wconf 89' lang='lat' dir='ltr'>sit</span> <span class='ocrx_word' id='word_1_67' title='bbox 477 2110 603 2177; x_wconf 79' lang='lat' dir='ltr'>celebri</span> <span class='ocrx_word' id='word_1_68' title='bbox 621 2110 659 2175; x_wconf 93' lang='lat' dir='ltr'>in</span> <span class='ocrx_word' id='word_1_69' title='bbox 674 2112 751 2176; x_wconf 87' lang='lat' dir='ltr'>luce</span> <span class='ocrx_word' id='word_1_70' title='bbox 770 2117 804 2176; x_wconf 88' lang='lat' dir='ltr'>et</span> <span class='ocrx_word' id='word_1_71' title='bbox 824 2110 994 2176; x_wconf 87' lang='lat' dir='ltr'>brevitate</span> <span class='ocrx_word' id='word_1_72' title='bbox 1013 2133 1192 2199; x_wconf 81' lang='lat' dir='ltr'>reponam,</span> 
     </span>
     <span class='ocr_line' id='line_1_12' title="bbox 217 2226 1075 2315; baseline -0.003 -20"><span class='ocrx_word' id='word_1_73' title='bbox 217 2229 266 2296; x_wconf 87' lang='lat' dir='ltr'>Ut</span> <span class='ocrx_word' id='word_1_74' title='bbox 284 2236 402 2315; x_wconf 82' lang='lat' dir='ltr'>pateat</span> <span class='ocrx_word' id='word_1_75' title='bbox 421 2228 495 2293; x_wconf 82' lang='lat' dir='ltr'>veri</span> <span class='ocrx_word' id='word_1_76' title='bbox 514 2226 653 2293; x_wconf 86' lang='lat' dir='ltr'>semitas</span> <span class='ocrx_word' id='word_1_77' title='bbox 672 2226 802 2292; x_wconf 80' lang='lat' dir='ltr'><strong>dudum</strong></span> <span class='ocrx_word' id='word_1_78' title='bbox 822 2249 894 2292; x_wconf 85' lang='lat' dir='ltr'>esse</span> <span class='ocrx_word' id='word_1_79' title='bbox 911 2232 1075 2313; x_wconf 85' lang='lat' dir='ltr'>repertas.</span> 
     </span>
     <span class='ocr_line' id='line_1_13' title="bbox 218 2343 1118 2433; baseline -0.001 -23"><span class='ocrx_word' id='word_1_80' title='bbox 218 2346 435 2433; x_wconf 83' lang='lat' dir='ltr'>Principium</span> <span class='ocrx_word' id='word_1_81' title='bbox 454 2345 567 2432; x_wconf 89' lang='lat' dir='ltr'>primo</span> <span class='ocrx_word' id='word_1_82' title='bbox 586 2345 740 2410; x_wconf 78' lang='lat' dir='ltr'>validum</span> <span class='ocrx_word' id='word_1_83' title='bbox 759 2345 854 2410; x_wconf 86' lang='lat' dir='ltr'>istud</span> <span class='ocrx_word' id='word_1_84' title='bbox 873 2350 988 2409; x_wconf 88' lang='lat' dir='ltr'>mente</span> <span class='ocrx_word' id='word_1_85' title='bbox 1007 2343 1118 2410; x_wconf 88' lang='lat' dir='ltr'>teneri</span> 
     </span>
     <span class='ocr_line' id='line_1_14' title="bbox 217 2458 1215 2548; baseline -0.001 -23"><span class='ocrx_word' id='word_1_86' title='bbox 217 2462 281 2526; x_wconf 89' lang='lat' dir='ltr'>Est</span> <span class='ocrx_word' id='word_1_87' title='bbox 299 2484 436 2548; x_wconf 83' lang='lat' dir='ltr'>operae,</span> <span class='ocrx_word' id='word_1_88' title='bbox 458 2470 497 2526; x_wconf 90' lang='lat' dir='ltr'>ut</span> <span class='ocrx_word' id='word_1_89' title='bbox 516 2460 700 2526; x_wconf 90' lang='lat' dir='ltr'>minimum</span> <span class='ocrx_word' id='word_1_90' title='bbox 718 2467 844 2526; x_wconf 84' lang='lat' dir='ltr'>natura</span> <span class='ocrx_word' id='word_1_91' title='bbox 863 2465 1028 2545; x_wconf 85' lang='lat' dir='ltr'>agnoscat</span> <span class='ocrx_word' id='word_1_92' title='bbox 1049 2466 1084 2525; x_wconf 87' lang='lat' dir='ltr'>et</span> <span class='ocrx_word' id='word_1_93' title='bbox 1102 2458 1215 2526; x_wconf 89' lang='lat' dir='ltr'>omnis</span> 
     </span>
     <span class='ocr_line' id='line_1_15' title="bbox 217 2575 1041 2664; baseline -0.001 -23"><span class='ocrx_word' id='word_1_94' title='bbox 217 2576 299 2659; x_wconf 89' lang='lat' dir='ltr'>Ars,</span> <span class='ocrx_word' id='word_1_95' title='bbox 317 2599 405 2661; x_wconf 87' lang='lat' dir='ltr'><strong>quac</strong></span> <span class='ocrx_word' id='word_1_96' title='bbox 423 2576 606 2664; x_wconf 83' lang='lat' dir='ltr'>principiis</span> <span class='ocrx_word' id='word_1_97' title='bbox 625 2575 727 2642; x_wconf 87' lang='lat' dir='ltr'>certis</span> <span class='ocrx_word' id='word_1_98' title='bbox 746 2598 786 2641; x_wconf 89' lang='lat' dir='ltr'>ac</span> <span class='ocrx_word' id='word_1_99' title='bbox 804 2576 873 2641; x_wconf 85' lang='lat' dir='ltr'>fine</span> <span class='ocrx_word' id='word_1_100' title='bbox 891 2575 1041 2662; x_wconf 88' lang='lat' dir='ltr'>reposcit</span> 
     </span>
    </p>

    <p class='ocr_par' dir='ltr' id='par_1_8' title="bbox 154 2690 1516 3238">
     <span class='ocr_line' id='line_1_16' title="bbox 154 2690 1136 2779; baseline -0.001 -22"><span class='ocrx_word' id='word_1_101' title='bbox 154 2695 194 2758; x_wconf 79' lang='lat'>15</span> <span class='ocrx_word' id='word_1_102' title='bbox 217 2693 392 2779; x_wconf 87' lang='lat' dir='ltr'>Propositi</span> <span class='ocrx_word' id='word_1_103' title='bbox 411 2693 521 2758; x_wconf 83' lang='lat' dir='ltr'>lucem</span> <span class='ocrx_word' id='word_1_104' title='bbox 541 2692 685 2774; x_wconf 86' lang='lat' dir='ltr'>obiecti;</span> <span class='ocrx_word' id='word_1_105' title='bbox 706 2691 844 2778; x_wconf 84' lang='lat' dir='ltr'>quando</span> <span class='ocrx_word' id='word_1_106' title='bbox 863 2691 956 2758; x_wconf 91' lang='lat' dir='ltr'><strong>haud</strong></span> <span class='ocrx_word' id='word_1_107' title='bbox 974 2692 1048 2757; x_wconf 90' lang='lat' dir='ltr'>sine</span> <span class='ocrx_word' id='word_1_108' title='bbox 1067 2690 1136 2757; x_wconf 90' lang='lat' dir='ltr'>fine</span> 
     </span>
     <span class='ocr_line' id='line_1_17' title="bbox 217 2806 1164 2895; baseline -0.004 -21"><span class='ocrx_word' id='word_1_109' title='bbox 217 2809 443 2894; x_wconf 81' lang='lat' dir='ltr'>Progreditur</span> <span class='ocrx_word' id='word_1_110' title='bbox 462 2831 558 2874; x_wconf 85' lang='lat' dir='ltr'>mena</span> <span class='ocrx_word' id='word_1_111' title='bbox 577 2808 648 2874; x_wconf 88' lang='lat' dir='ltr'>ulla</span> <span class='ocrx_word' id='word_1_112' title='bbox 667 2814 788 2895; x_wconf 89' lang='lat' dir='ltr'>petens</span> <span class='ocrx_word' id='word_1_113' title='bbox 807 2829 986 2874; x_wconf 88' lang='lat' dir='ltr'>sursumve</span> <span class='ocrx_word' id='word_1_114' title='bbox 1005 2806 1164 2873; x_wconf 86' lang='lat' dir='ltr'>deorsum</span> 
     </span>
     <span class='ocr_line' id='line_1_18' title="bbox 217 2922 1516 3007; baseline 0 -20"><span class='ocrx_word' id='word_1_115' title='bbox 217 2923 416 2989; x_wconf 82' lang='lat' dir='ltr'>Ascerulens</span> <span class='ocrx_word' id='word_1_116' title='bbox 434 2948 474 2990; x_wconf 85' lang='lat' dir='ltr'>aa</span> <span class='ocrx_word' id='word_1_117' title='bbox 493 2924 701 2990; x_wconf 78' lang='lat' dir='ltr'>descendeus</span> <span class='ocrx_word' id='word_1_118' title='bbox 720 2924 764 2989; x_wconf 87' lang='lat' dir='ltr'>ad</span> <span class='ocrx_word' id='word_1_119' title='bbox 783 2923 986 3007; x_wconf 84' lang='lat' dir='ltr'>maximum,</span> <span class='ocrx_word' id='word_1_120' title='bbox 1007 2928 1047 2988; x_wconf 90' lang='grc'>11</span> <span class='ocrx_word' id='word_1_121' title='bbox 1065 2922 1115 2988; x_wconf 88' lang='lat' dir='ltr'>sic</span> <span class='ocrx_word' id='word_1_122' title='bbox 1332 2949 1357 2988; x_wconf 85' lang='grc'>11</span> <span class='ocrx_word' id='word_1_123' title='bbox 1373 2939 1413 3001; x_wconf 88' lang='lat' dir='ltr'>p.</span> <span class='ocrx_word' id='word_1_124' title='bbox 1426 2923 1516 2987; x_wconf 78' lang='lat'>112</span> 
     </span>
     <span class='ocr_line' id='line_1_19' title="bbox 217 3035 1331 3126; baseline -0.001 -23"><span class='ocrx_word' id='word_1_125' title='bbox 217 3040 374 3105; x_wconf 76' lang='lat' dir='ltr'>&#39;l&#39;ollatur</span> <span class='ocrx_word' id='word_1_126' title='bbox 394 3063 586 3124; x_wconf 81' lang='lat' dir='ltr'>nunquam,</span> <span class='ocrx_word' id='word_1_127' title='bbox 606 3062 784 3126; x_wconf 88' lang='lat' dir='ltr'>nunquam</span> <span class='ocrx_word' id='word_1_128' title='bbox 804 3038 847 3104; x_wconf 88' lang='lat' dir='ltr'>ad</span> <span class='ocrx_word' id='word_1_129' title='bbox 866 3038 1116 3123; x_wconf 86' lang='lat' dir='ltr'>minimumque</span> <span class='ocrx_word' id='word_1_130' title='bbox 1133 3035 1331 3124; x_wconf 78' lang='lat' dir='ltr'>profundet.</span> 
     </span>
     <span class='ocr_line' id='line_1_20' title="bbox 218 3153 1127 3238; baseline 0.001 -20"><span class='ocrx_word' id='word_1_131' title='bbox 218 3153 303 3219; x_wconf 82' lang='lat' dir='ltr'>Inde</span> <span class='ocrx_word' id='word_1_132' title='bbox 322 3155 396 3220; x_wconf 84' lang='lat' dir='ltr'>loco</span> <span class='ocrx_word' id='word_1_133' title='bbox 416 3162 468 3219; x_wconf 84' lang='lat' dir='ltr'>est</span> <span class='ocrx_word' id='word_1_134' title='bbox 487 3155 574 3221; x_wconf 82' lang='lat' dir='ltr'>illud</span> <span class='ocrx_word' id='word_1_135' title='bbox 592 3155 811 3221; x_wconf 88' lang='lat' dir='ltr'>retinendum</span> <span class='ocrx_word' id='word_1_136' title='bbox 831 3162 945 3221; x_wconf 89' lang='lat' dir='ltr'>mento</span> <span class='ocrx_word' id='word_1_137' title='bbox 964 3154 1127 3238; x_wconf 85' lang='lat' dir='ltr'>secundo,</span> 
     </span>
    </p>

    <p class='ocr_par' dir='ltr' id='par_1_9' title="bbox 151 3268 1362 3826">
     <span class='ocr_line' id='line_1_21' title="bbox 151 3268 1146 3357; baseline 0.007 -27"><span class='ocrx_word' id='word_1_138' title='bbox 151 3268 196 3330; x_wconf 73' lang='lat'>20</span> <span class='ocrx_word' id='word_1_139' title='bbox 218 3270 267 3335; x_wconf 88' lang='lat' dir='ltr'>Ut</span> <span class='ocrx_word' id='word_1_140' title='bbox 285 3275 469 3355; x_wconf 81' lang='lat' dir='ltr'>postquam</span> <span class='ocrx_word' id='word_1_141' title='bbox 488 3271 664 3357; x_wconf 80' lang='lat' dir='ltr'>integrum</span> <span class='ocrx_word' id='word_1_142' title='bbox 683 3279 776 3337; x_wconf 88' lang='lat' dir='ltr'>certo</span> <span class='ocrx_word' id='word_1_143' title='bbox 795 3279 954 3337; x_wconf 86' lang='lat' dir='ltr'>constare</span> <span class='ocrx_word' id='word_1_144' title='bbox 972 3279 1146 3338; x_wconf 89' lang='lat' dir='ltr'>tomorum</span> 
     </span>
     <span class='ocr_line' id='line_1_22' title="bbox 220 3387 1061 3475; baseline 0.004 -25"><span class='ocrx_word' id='word_1_145' title='bbox 220 3387 386 3472; x_wconf 82' lang='lat' dir='ltr'>Cognosti</span> <span class='ocrx_word' id='word_1_146' title='bbox 406 3411 563 3473; x_wconf 81' lang='grc'>11111111,</span> <span class='ocrx_word' id='word_1_147' title='bbox 580 3410 701 3455; x_wconf 88' lang='lat' dir='ltr'>noscas</span> <span class='ocrx_word' id='word_1_148' title='bbox 720 3388 824 3475; x_wconf 87' lang='lat' dir='ltr'>parili</span> <span class='ocrx_word' id='word_1_149' title='bbox 843 3389 977 3454; x_wconf 83' lang='lat' dir='ltr'>ratione</span> <span class='ocrx_word' id='word_1_150' title='bbox 1057 3391 1061 3400; x_wconf 85' lang='lat'>&#39;</span> 
     </span>
     <span class='ocr_line' id='line_1_23' title="bbox 219 3503 1362 3590; baseline 0.003 -24"><span class='ocrx_word' id='word_1_151' title='bbox 219 3503 444 3568; x_wconf 82' lang='lat' dir='ltr'>Constantem</span> <span class='ocrx_word' id='word_1_152' title='bbox 464 3503 558 3569; x_wconf 88' lang='lat' dir='ltr'>illius</span> <span class='ocrx_word' id='word_1_153' title='bbox 579 3527 830 3590; x_wconf 85' lang='lat' dir='ltr'><strong>quamcumque</strong></span> <span class='ocrx_word' id='word_1_154' title='bbox 849 3527 867 3567; x_wconf 93' lang='grc'>1</span> <span class='ocrx_word' id='word_1_155' title='bbox 885 3503 1058 3590; x_wconf 88' lang='lat' dir='ltr'>partibus;</span> <span class='ocrx_word' id='word_1_156' title='bbox 1079 3510 1119 3569; x_wconf 92' lang='lat' dir='ltr'>ut</span> <span class='ocrx_word' id='word_1_157' title='bbox 1139 3503 1168 3568; x_wconf 85' lang='lat' dir='ltr'>si</span> <span class='ocrx_word' id='word_1_158' title='bbox 1336 3531 1362 3569; x_wconf 82' lang='grc'>11</span> 
     </span>
     <span class='ocr_line' id='line_1_24' title="bbox 220 3617 1113 3707; baseline 0.006 -28"><span class='ocrx_word' id='word_1_159' title='bbox 220 3617 286 3682; x_wconf 74' lang='lat' dir='ltr'>Sex</span> <span class='ocrx_word' id='word_1_160' title='bbox 307 3619 404 3684; x_wconf 75' lang='lat' dir='ltr'>(leuis</span> <span class='ocrx_word' id='word_1_161' title='bbox 423 3627 571 3700; x_wconf 85' lang='lat' dir='ltr'>constat,</span> <span class='ocrx_word' id='word_1_162' title='bbox 592 3620 800 3704; x_wconf 70' lang='lat' dir='ltr'>certauerit,</span> <span class='ocrx_word' id='word_1_163' title='bbox 820 3619 971 3707; x_wconf 87' lang='lat' dir='ltr'>partibu&#39;</span> <span class='ocrx_word' id='word_1_164' title='bbox 986 3625 1113 3702; x_wconf 85' lang='lat' dir='ltr'>totum,</span> 
     </span>
     <span class='ocr_line' id='line_1_25' title="bbox 220 3735 1079 3826; baseline 0.005 -28"><span class='ocrx_word' id='word_1_165' title='bbox 220 3735 286 3800; x_wconf 83' lang='lat' dir='ltr'>Sex</span> <span class='ocrx_word' id='word_1_166' title='bbox 306 3736 403 3802; x_wconf 69' lang='lat' dir='ltr'>(louis</span> <span class='ocrx_word' id='word_1_167' title='bbox 422 3737 558 3803; x_wconf 80' lang='lat' dir='ltr'>vicibus</span> <span class='ocrx_word' id='word_1_168' title='bbox 578 3743 690 3804; x_wconf 89' lang='lat' dir='ltr'>totum</span> <span class='ocrx_word' id='word_1_169' title='bbox 709 3761 790 3826; x_wconf 88' lang='lat' dir='ltr'>pars</span> <span class='ocrx_word' id='word_1_170' title='bbox 809 3738 869 3803; x_wconf 87' lang='lat' dir='ltr'>illa</span> <span class='ocrx_word' id='word_1_171' title='bbox 888 3736 1079 3821; x_wconf 82' lang='lat' dir='ltr'>subintrat,</span> 
     </span>
    </p>
   </div>
   <div class='ocr_carea' id='block_1_5' title="bbox 152 3851 1203 3942">
    <p class='ocr_par' dir='ltr' id='par_1_10' title="bbox 152 3851 1203 3942">
     <span class='ocr_line' id='line_1_26' title="bbox 152 3851 1203 3942; baseline 0.001 -27"><span class='ocrx_word' id='word_1_172' title='bbox 152 3852 195 3915; x_wconf 76' lang='lat'>25</span> <span class='ocrx_word' id='word_1_173' title='bbox 220 3853 361 3918; x_wconf 85' lang='lat' dir='ltr'>Octonis</span> <span class='ocrx_word' id='word_1_174' title='bbox 380 3855 524 3941; x_wconf 78' lang='lat' dir='ltr'>duplum</span> <span class='ocrx_word' id='word_1_175' title='bbox 544 3854 677 3921; x_wconf 83' lang='lat' dir='ltr'>vicibus</span> <span class='ocrx_word' id='word_1_176' title='bbox 697 3853 996 3942; x_wconf 82' lang='lat' dir='ltr'><strong>quadruplumquo</strong></span> <span class='ocrx_word' id='word_1_177' title='bbox 1016 3851 1203 3938; x_wconf 86' lang='lat' dir='ltr'>quaternis.</span> 
     </span>
    </p>
   </div>
   <div class='ocr_carea' id='block_1_6' title="bbox 220 3968 1203 4291">
    <p class='ocr_par' dir='ltr' id='par_1_11' title="bbox 220 3968 1203 4291">
     <span class='ocr_line' id='line_1_27' title="bbox 220 3968 1085 4056; baseline 0.001 -23"><span class='ocrx_word' id='word_1_178' title='bbox 220 3970 373 4035; x_wconf 83' lang='lat' dir='ltr'><strong>Rursum</strong></span> <span class='ocrx_word' id='word_1_179' title='bbox 393 3970 576 4035; x_wconf 80' lang='lat' dir='ltr'>dimidium</span> <span class='ocrx_word' id='word_1_180' title='bbox 594 3971 729 4036; x_wconf 79' lang='lat' dir='ltr'>vicilurs</span> <span class='ocrx_word' id='word_1_181' title='bbox 748 3971 933 4056; x_wconf 82' lang='lat' dir='ltr'>venietque</span> <span class='ocrx_word' id='word_1_182' title='bbox 950 3968 1085 4035; x_wconf 85' lang='lat' dir='ltr'><strong>duabus</strong></span> 
     </span>
     <span class='ocr_line' id='line_1_28' title="bbox 220 4084 1094 4173; baseline 0.002 -25"><span class='ocrx_word' id='word_1_183' title='bbox 220 4085 336 4170; x_wconf 80' lang='lat' dir='ltr'><strong>Atque</strong></span> <span class='ocrx_word' id='word_1_184' title='bbox 355 4084 464 4149; x_wconf 81' lang='lat' dir='ltr'>triens</span> <span class='ocrx_word' id='word_1_185' title='bbox 483 4085 605 4169; x_wconf 77' lang='lat' dir='ltr'>turnis,</span> <span class='ocrx_word' id='word_1_186' title='bbox 624 4086 728 4152; x_wconf 85' lang='lat' dir='ltr'>simili</span> <span class='ocrx_word' id='word_1_187' title='bbox 748 4087 902 4173; x_wconf 83' lang='lat' dir='ltr'>serieque</span> <span class='ocrx_word' id='word_1_188' title='bbox 921 4095 1094 4151; x_wconf 85' lang='lat' dir='ltr'>tomorum</span> 
     </span>
     <span class='ocr_line' id='line_1_29' title="bbox 220 4200 1203 4291; baseline -0.001 -25"><span class='ocrx_word' id='word_1_189' title='bbox 220 4200 433 4266; x_wconf 79' lang='lat' dir='ltr'>Cunctorum</span> <span class='ocrx_word' id='word_1_190' title='bbox 452 4201 630 4288; x_wconf 84' lang='lat' dir='ltr'>inspiouus</span> <span class='ocrx_word' id='word_1_191' title='bbox 651 4226 830 4285; x_wconf 60' lang='lat' dir='ltr'>munerum</span> <span class='ocrx_word' id='word_1_192' title='bbox 850 4210 1062 4291; x_wconf 87' lang='lat' dir='ltr'>quapropter</span> <span class='ocrx_word' id='word_1_193' title='bbox 1082 4200 1203 4267; x_wconf 84' lang='lat' dir='ltr'>adacta</span> 
     </span>
    </p>
   </div>
   <div class='ocr_carea' id='block_1_7' title="bbox 222 4368 389 4377">
    <p class='ocr_par' dir='ltr' id='par_1_12' title="bbox 222 4368 389 4377">
     <span class='ocr_line' id='line_1_30' title="bbox 222 4368 389 4377; baseline -0.012 0"><span class='ocrx_word' id='word_1_194' title='bbox 222 4368 292 4377; x_wconf 79' lang='lat'>-—</span> <span class='ocrx_word' id='word_1_195' title='bbox 298 4369 379 4376; x_wconf 64' lang='grc' dir='ltr'>..η-...-</span> <span class='ocrx_word' id='word_1_196' title='bbox 383 4370 389 4375; x_wconf 83' lang='grc'>.</span> 
     </span>
    </p>
   </div>
   <div class='ocr_carea' id='block_1_8' title="bbox 297 4456 1098 4523">
    <p class='ocr_par' dir='ltr' id='par_1_13' title="bbox 297 4456 1098 4523">
     <span class='ocr_line' id='line_1_31' title="bbox 297 4456 1098 4523; baseline 0.002 -15"><span class='ocrx_word' id='word_1_197' title='bbox 297 4457 349 4508; x_wconf 66' lang='lat' dir='ltr'>aa</span> <span class='ocrx_word' id='word_1_198' title='bbox 365 4473 495 4506; x_wconf 77' lang='grc'>1111111111</span> <span class='ocrx_word' id='word_1_199' title='bbox 510 4457 532 4508; x_wconf 83' lang='lat' dir='ltr'>le</span> <span class='ocrx_word' id='word_1_200' title='bbox 541 4456 680 4523; x_wconf 69' lang='lat' dir='ltr'>porcensi</span> <span class='ocrx_word' id='word_1_201' title='bbox 742 4458 824 4510; x_wconf 82' lang='grc'>10111</span> <span class='ocrx_word' id='word_1_202' title='bbox 886 4458 917 4509; x_wconf 87' lang='grc'>16</span> <span class='ocrx_word' id='word_1_203' title='bbox 933 4458 1098 4510; x_wconf 81' lang='lat' dir='ltr'>deorsumu&#39;</span> 
     </span>
    </p>
   </div>
   <div class='ocr_carea' id='block_1_9' title="bbox 0 0 1718 5138">
    <p class='ocr_par' dir='ltr' id='par_1_14' title="bbox 0 0 1718 5138">
     <span class='ocr_line' id='line_1_32' title="bbox 0 0 1718 5138; baseline 0 1"><span class='ocrx_word' id='word_1_204' title='bbox 0 0 1718 5138; x_wconf 95' lang='lat' dir='ltr'> </span> 
     </span>
    </p>
   </div>
  </div>
 </body>
</html>
