3428 5138
603 420 647 464 nn
668 419 871 466 ruvsmmoun
891 419 1015 465 uuum.
1322 409 1381 465 245
1476 486 1481 497 ἱ

238 575 452 636 terminatione
469 576 645 636 resuscites.
669 575 752 636 Cedo
769 596 808 636 un
826 596 886 636 non
904 576 961 636 tibi
976 575 1100 637 videtur
1118 576 1168 637 vix
1186 578 1285 636 tribus
1298 585 1385 637 extra

236 692 349 752 lineam
367 691 616 769 contingentibus
634 691 756 769 punctis
770 691 868 750 locum
891 710 973 767 esse,
992 711 1059 750 eum
1078 709 1115 749 ex
1137 698 1202 750 toto
1225 711 1302 769 gyro
1324 710 1384 750 nou

236 809 306 887 plus
323 829 414 885 quam
430 829 448 868 o
466 828 521 869 sex
539 809 732 888 comparibus
754 809 887 870 minimis
905 809 1008 869 valeat
1029 808 1161 885 attingi?
1182 807 1340 884 Inmergo
1358 808 1384 867 si

237 947 329 1004 super
347 927 400 986 illo
419 936 532 1005 puncto
551 926 642 986 eadat
662 936 747 986 reeta
765 927 832 1004 EO,
851 946 963 1003 quaero
986 947 1024 986 nn
1041 944 1131 1003 quem
1148 925 1205 985 tibi
1223 926 1385 986 maximum

192 1044 213 1108 5
237 1042 276 1101 do
294 1045 456 1122 (quemque
473 1042 517 1102 ita
530 1043 601 1102 volo
619 1042 734 1121 dicere)
754 1042 898 1120 angulum
915 1042 1008 1118 BOA,
1024 1049 1187 1120 postquem
1203 1048 1252 1102 est
1266 1041 1384 1101 divisus

236 1160 267 1218 in
284 1159 360 1218 duas
377 1167 484 1237 partes
501 1160 583 1219 Bou
605 1160 749 1237 angulum
771 1165 803 1219 et
831 1159 915 1219 EOA
942 1157 1101 1236 angulum,
1130 1157 1242 1219 accidit
1251 1158 1324 1217 ··tibi
1350 1165 1384 1216 ut

236 1275 366 1335 eundem
383 1274 433 1335 vol
458 1275 536 1335 alios
553 1275 630 1334 duos
654 1276 785 1353 angulos
808 1276 965 1337 commode
984 1274 1180 1351 subdividas,
1199 1282 1235 1334 ut
1261 1274 1324 1334 siut
1343 1273 1384 1332 ad

236 1392 374 1452 eiusdem
391 1392 495 1468 anguli
515 1391 698 1452 divisionem
717 1399 894 1470 spectantes
922 1390 1006 1451 BGD
1028 1390 1111 1451 Dcu
1138 1390 1221 1451 EOF
1240 1390 1334 1468 FOA,
1352 1399 1384 1450 et

235 1528 305 1566 mox
326 1506 366 1567 ad
391 1507 569 1567 ulteriorem
593 1507 776 1568 divisionem
795 1508 904 1568 volens
926 1507 1093 1586 procedere
1120 1507 1223 1586 possis
1251 1506 1379 1567 eundem

170 1623 213 1687 10
235 1632 362 1701 pnntum
380 1625 405 1684 Ο
424 1624 586 1684 terminum
602 1625 813 1684 constituere?
828 1623 918 1695 Quod
935 1625 961 1683 si
977 1632 1026 1684 est
1043 1625 1091 1704 (ut
1104 1623 1182 1684 satis
1200 1631 1249 1683 est
1266 1623 1383 1702 perspi-

236 1743 337 1821 cuum)
355 1741 489 1818 efficere,
506 1742 579 1818 quid
602 1750 632 1801 te
654 1741 784 1821 impedit
809 1741 970 1818 quominus
996 1740 1154 1819 intelligas
1181 1740 1327 1820 deinceps
1344 1741 1382 1800 ad

235 1859 363 1918 aliorum
382 1859 562 1936 ungulorum
580 1878 691 1918 novom
709 1857 890 1919 divisionem
905 1858 1021 1918 nullum
1036 1858 1093 1918 tibi
1111 1878 1180 1919 esse
1197 1858 1306 1935 locum,
1323 1858 1382 1918 nisi

235 1977 315 2036 sorte
334 1983 428 2036 totam
444 1997 546 2036 aream
564 1976 653 2036 unius
674 1976 779 2052 auguli
800 1976 921 2036 nomine
937 1975 1016 2037 velis
1034 1975 1229 2053 intelligere?
1246 1977 1335 2036 Nune
1356 1979 1382 2037 si
1405 1977 1409 1985 '

233 2095 317 2172 (quia
333 2115 393 2154 nou
410 2095 516 2172 legisti
529 2094 580 2154 vel
598 2092 678 2154 forte
695 2114 754 2153 non
769 2093 951 2155 intellexisti
964 2113 1043 2171 quse
1059 2093 1144 2172 prius
1160 2093 1242 2153 dieta
1258 2100 1330 2153 sunt
1344 2094 1382 2154 de

168 2207 209 2270 ln
235 2209 489 2288 multiplicatione
506 2209 621 2269 minimi
639 2217 730 2287 atque
748 2209 871 2271 termini
889 2219 921 2271 et
941 2209 980 2270 de
1001 2209 1137 2287 ipsorum
1155 2215 1260 2269 mutua
1278 2229 1382 2269 oense·

233 2327 369 2406 quentia)
387 2347 447 2386 non
461 2326 648 2403 acquiescas,
661 2327 700 2387 ad
715 2327 767 2385 illo
783 2328 893 2387 iterum
905 2335 936 2386 te
947 2327 1071 2387 remitto
1083 2326 1283 2405 inspicienda,
1299 2326 1381 2386 unde

233 2443 361 2502 istorum
379 2442 476 2502 omnis
494 2443 572 2502 ratio
589 2442 752 2520 dependet.
769 2443 839 2502 Hoc
855 2451 958 2504 tumen
971 2443 1037 2521 tibi,
1057 2464 1074 2503 o
1091 2443 1179 2520 bone,
1196 2450 1303 2522 posset
1321 2441 1383 2502 suf·

233 2560 337 2632 ficere,
349 2559 430 2636 quod
444 2559 510 2619 sive
528 2558 619 2618 detur
637 2558 703 2619 sive
721 2579 781 2619 non
798 2559 889 2620 detur
905 2558 1087 2638 simpliciter
1102 2558 1270 2636 minimum,
1289 2577 1381 2634 qnan-

233 2685 415 2754 tameuuque
432 2686 535 2737 tamen
553 2676 687 2756 accipias
709 2677 759 2738 vel
781 2676 935 2756 concipias
957 2685 1091 2756 partem,
1109 2697 1186 2753 quae
1203 2676 1260 2737 tibi
1278 2676 1379 2737 media

165 2785 210 2848 20
231 2794 313 2854 inter
330 2794 476 2870 aequales
493 2801 598 2872 partes
620 2795 839 2871 constituatur,
866 2814 902 2854 ea
918 2795 1026 2873 proeul
1044 2793 1150 2870 dubio,
1173 2794 1254 2854 sieut
1271 2794 1302 2853 in
1321 2794 1380 2854 De·

233 2909 352 2970 moeriti
371 2930 443 2969 area
461 2917 509 2970 est
524 2910 737 2988 conspicuum,
756 2910 863 2972 eadem
880 2930 939 2970 non
956 2911 1130 2991 plusquam
1148 2909 1247 2970 tribus
1265 2908 1378 2970 diame-

232 3027 289 3086 tris
309 3027 477 3087 eommunis
495 3027 609 3105 poterit
623 3047 693 3088 esse
708 3048 789 3106 pars,
808 3023 1062 3104 quemadmodum
1083 3046 1182 3104 neque
1199 3025 1269 3104 plus
1287 3045 1376 3101 quarn

232 3163 286 3203 sex
304 3143 400 3203 radiis
418 3144 593 3221 attingitur,
611 3151 642 3204 et
657 3143 832 3204 memineris
848 3143 993 3204 similium
1004 3142 1213 3220 maximorum,
1230 3140 1377 3201 maiorum

232 3266 264 3317 et
278 3259 468 3319 minimorum
487 3260 616 3321 eandem
635 3279 704 3321 esse
722 3260 882 3321 rationem.

688 3591 841 3660 CAPVT
870 3592 930 3659 IV.

383 3763 492 3803 Centrum
507 3774 553 3803 non
568 3775 617 3803 osse
633 3764 754 3803 terminum
766 3764 866 3804 omniurn
882 3764 994 3804 noemam
1007 3772 1021 3801 a
1032 3762 1224 3803 circumferentia.

321 3917 458 3981 luteres
477 3940 614 3982 sensum
635 3916 872 4004 protoplaston
893 3915 1122 3982 stultitiarum

230 4032 316 4097 lude
336 4032 414 4097 uide
435 4040 609 4115 centrum,
629 4033 684 4097 oui
703 4033 799 4097 nullu
818 4040 870 4097 est
889 4032 1005 4098 sectile
1022 4041 1134 4119 parte,

228 4152 276 4215 st
296 4151 408 4216 fluxus
429 4174 546 4217 ornnes
566 4151 607 4216 do
626 4174 713 4238 gyro
732 4151 897 4217 terminat
917 4174 1039 4236 unum,

161 4266 205 4329 30
228 4266 363 4331 'frendat
383 4267 419 4331 iu
439 4268 645 4333 innneusurn
665 4267 890 4353 ‹prantumvis
909 4266 1045 4332 fimbria
1066 4264 1190 4353 ‹rarnpi

461 4403 468 4407 -
487 4403 636 4409 -—.—..
726 4402 828 4409 ......-..
845 4402 850 4407 .
872 4402 919 4407 -..
957 4400 1039 4407 ...-...
1058 4400 1064 4405 .
1110 4400 1177 4406 --..
1199 4396 1372 4408 ..—.......„

322 4453 334 4498 l
354 4453 559 4502 terminatione
