3428 5138
256 453 315 511 322
563 464 701 510 mamm
722 463 824 508 novur
845 464 890 507 ns
910 461 1046 524 nmmo,
1067 462 1097 507 v.

687 808 838 873 CAPVT
874 809 970 873 VIII.

753 1075 909 1119 sTnTnnA.

631 1240 743 1292 Angelum
760 1243 842 1291 angulo
857 1241 976 1289 aequalem
991 1241 1028 1281 do.

348 1459 386 1525 si
405 1456 559 1544 aequalis
579 1456 668 1542 cycli
687 1447 798 1521 seclor
816 1454 981 1520 reddatur
1000 1461 1161 1542 uterque,

213 1573 234 1637 5
259 1576 419 1662 Angulus
439 1574 592 1660 aequalis
612 1573 696 1665 salis
716 1573 914 1638 insinuatur
932 1579 1064 1660 eperum

257 1693 390 1779 Nempe
411 1690 471 1756 ubi
489 1690 529 1754 fit
548 1696 705 1755 centrum
724 1687 812 1775 cycli
833 1688 981 1774 angulus
1001 1711 1091 1753 unus
1111 1695 1145 1753 eb
1164 1688 1254 1753 aller

258 1806 588 1895 Comprenduntque
605 1828 722 1871 arcum
739 1805 954 1890 similemque
969 1827 1157 1892 paremque
1173 1803 1335 1887 subinde3

254 1924 387 2011 Nempe
405 1923 503 2006 huic,
525 1945 628 2007 quem
648 1921 783 1986 faciunt
802 1922 840 1986 in
855 1921 1019 2009 Apolline
1039 1943 1117 1986 cum
1138 1919 1343 2007 Ganymede
1389 1947 1403 1986 s

256 2039 427 2124 Oceanus,
448 2038 596 2104 similem
615 2061 688 2103 esse
706 2037 803 2102 vides
824 2060 925 2123 quem
944 2038 1037 2102 Mars
1057 2036 1117 2102 dat
1136 2044 1170 2102 el
1188 2037 1334 2102 Hermes

192 2160 234 2222 10
257 2157 300 2221 In
320 2156 464 2221 Bacche.
485 2154 601 2239 Atque
620 2154 711 2219 lalus
731 2153 760 2217 si
779 2153 850 2219 fors
869 2177 904 2218 se
923 2153 1157 2219 accommodes
1175 2175 1283 2218 unum

257 2272 429 2359 Marginis
446 2272 483 2336 in
502 2278 601 2358 parte
620 2279 655 2335 et
674 2270 845 2356 reliquum
865 2270 957 2355 quod
976 2269 1114 2355 longius
1134 2276 1244 2354 extat,

259 2388 358 2453 Infra
376 2388 429 2452 illi
448 2386 566 2452 veniat
586 2385 769 2450 succedens
789 2393 919 2472 puncto
939 2386 982 2451 ab
1002 2385 1129 2451 eodem.

259 2505 417 2590 Namque
436 2504 497 2568 ubi
516 2504 691 2568 Fortunae
711 2525 730 2567 a
750 2509 879 2589 puncto
897 2503 990 2567 Mars
1011 2503 1106 2597 venit
1126 2509 1160 2567 el
1179 2503 1339 2585 Hermes,
1379 2531 1404 2570 u

262 2621 422 2706 Angulus
440 2620 586 2704 Erigoni
606 2619 729 2685 similis
750 2620 972 2703 conflabitur,
993 2644 1010 2685 e
1031 2643 1098 2705 qua

196 2737 237 2803 15
261 2736 420 2803 Fluxerii
439 2735 595 2801 Oceanus
615 2743 715 2823 rapto
733 2736 894 2823 proprior
914 2736 1125 2823 Ganymede.

260 2853 325 2919 Vel
345 2873 482 2936 quoque
501 2874 562 2938 pro
582 2851 679 2917 radio
699 2875 718 2916 a
740 2860 856 2918 centro
876 2875 952 2918 crus
972 2852 1101 2917 defluat
1121 2874 1230 2918 unum
1246 2859 1281 2918 ei

262 2968 315 3033 Sit
334 2967 507 3052 reliquum
527 2974 671 3054 utroque
692 2968 849 3034 iunctum
870 2992 947 3034 cum
967 2968 1123 3053 margine
1142 2970 1223 3053 fine,

261 3087 310 3153 Ut
329 3085 446 3150 radius
465 3084 594 3150 Bacchi
614 3085 658 3150 ad
677 3087 881 3168 Fortunam,
903 3086 1097 3171 chorduque
1117 3086 1160 3151 ab
1180 3085 1248 3151 ista
1378 3117 1404 3154 15

261 3203 369 3267 Recta
389 3201 432 3266 ad
451 3201 649 3265 Hermetem
668 3200 764 3266 radio
785 3210 837 3266 est
857 3225 958 3286 quem
978 3201 1089 3267 mittio
1109 3201 1235 3289 Apollo

195 3318 239 3378 20
264 3319 380 3404 Usque
399 3318 443 3383 ad
461 3318 663 3402 Erigonem,
682 3326 716 3382 et
736 3318 882 3383 chordae
900 3319 1003 3383 liuius
1022 3341 1089 3403 qua
1110 3317 1306 3404 Ganymedi

262 3434 422 3499 Nectitur
442 3433 620 3499 adsimilis.
640 3435 790 3520 Compar
811 3457 945 3519 quoque
964 3434 1134 3499 terminus
1153 3435 1266 3499 omnis

262 3553 326 3618 Vel
346 3550 439 3637 capit
458 3551 675 3615 insistentem
696 3552 872 3636 aequalem
892 3551 1040 3616 circulus
1060 3574 1202 3636 aequus,

263 3668 381 3752 thue
401 3667 585 3753 parallelas
603 3673 704 3753 paolo
724 3666 911 3752 graduabis
931 3667 1049 3732 eodem
1379 3697 1405 3735 ac

265 3780 403 3864 Omnia,
425 3804 512 3866 quae
531 3781 672 3846 tolidem
692 3781 813 3847 definit
832 3782 981 3848 circulus
1000 3806 1144 3868 acquire,

197 3891 241 3954 25
266 3897 374 3962 Crura
394 3919 504 3981 aequo
521 3906 624 3982 atque
644 3897 856 3984 interceptus
875 3922 939 3985 par
958 3922 1057 3966 arcus
1077 3901 1120 3966 ad
1141 3923 1267 3966 areum.

265 4013 307 4078 In
326 4014 458 4079 cunctis
478 4021 649 4079 monstras
668 4014 752 4079 haec
771 4016 859 4102 ipsu,
881 4018 1038 4099 Beraste,
1059 4018 1194 4103 figuris,

265 4129 474 4216 Iunctosquo
494 4131 531 4195 in
550 4138 660 4197 rectus
680 4133 835 4218 gemimis
855 4135 1059 4219 quandoque
1080 4134 1262 4201 resolvens.

345 4353 481 4425 Quotuor
503 4351 601 4412 modis
622 4353 766 4429 angulum
794 4355 904 4431 angulo
933 4352 1091 4430 aequalem
1109 4353 1227 4430 damus,
1249 4351 1290 4436 [3]
1309 4355 1406 4432 primo

264 4478 374 4530 neutra
391 4468 430 4529 ud
448 4468 654 4549 peripheriern
673 4477 759 4529 costa
776 4468 1104 4548 c011stiu1ta‚secund0
1126 4470 1273 4530 ambabus
1291 4469 1330 4529 ad
1356 4491 1405 4550 pe·

1406 3455 1446 3515 p.
1464 3440 1564 3505 182
