3428 5138
350 382 389 439 62
793 394 934 442 11111111
955 396 1057 444 imvm

351 567 441 655 dato,
458 576 497 635 ut
515 569 554 656 ᾖ)
571 569 673 656 DEF,
684 571 859 657 integrum
874 571 1081 661 complebis?
1099 572 1262 639 Subiecta
1273 569 1400 638 chorda
1413 570 1491 656 DE,

350 703 384 762 11
406 718 468 784 per
486 695 687 763 bisectionis
713 703 883 784 punctum
901 698 962 763 ΕΒ
989 705 1084 766 recte
1107 699 1144 765 in
1167 697 1345 765 infinitum
1367 697 1494 786 produ·

349 830 463 908 catur,
498 829 533 889 11
567 821 605 888 in
635 823 763 909 angulo
797 822 975 890 rectilineo
1007 823 1102 890 BED
1145 823 1304 911 capiatur
1337 823 1492 910 aequalis

347 947 546 1016 rectilineus
569 948 676 1014 EDA.
699 949 771 1016 Ubi
789 948 882 1015 eninr
905 948 971 1015 DA
998 957 1092 1016 recta
1111 950 1243 1018 secabit
1266 957 1396 1018 rectam
1415 950 1492 1035 ΕΒ,

305 1084 325 1146 5
349 1097 472 1162 nempe
494 1073 532 1139 in
551 1099 585 1159 a,
609 1080 767 1141 centrum
790 1081 843 1141 est
866 1074 1014 1160 quaesiti
1036 1075 1168 1142 circuli.
1194 1076 1267 1141 132.
1290 1076 1341 1144 Ut
1363 1075 1492 1142 circulo

347 1207 477 1268 rectam
488 1199 801 1268 adcommodas?Si
812 1200 1008 1289 peripheria
1020 1202 1064 1268 ab
1075 1208 1222 1288 utroque
1232 1202 1326 1269 illius
1338 1210 1491 1270 extremo

348 1327 552 1414 attingatur.
574 1325 647 1392 134.
667 1326 717 1393 Ut
735 1325 943 1393 circulorum
961 1325 1107 1393 duorum
1125 1333 1294 1414 punctum
1310 1333 1491 1396 contactus

347 1449 545 1518 inveniam?
570 1449 608 1515 Si
632 1473 652 1517 a
674 1456 793 1517 centro
816 1450 919 1517 unius
942 1451 987 1517 ad
1009 1458 1166 1517 centrum
1195 1452 1336 1519 alterius
1359 1460 1491 1520 rectam

348 1577 495 1645 duxeris.
522 1577 596 1643 135.
619 1576 670 1644 Ut
700 1576 737 1641 in
766 1575 895 1644 circulo
924 1584 1055 1644 rectam
1084 1578 1271 1645 maximam
1301 1579 1490 1667 accipiam?

284 1715 326 1777 10
350 1703 387 1770 Si
413 1709 582 1791 punctum
613 1700 911 1768 circumferentiae
937 1726 1000 1791 per
1022 1710 1179 1771 centrum
1208 1705 1246 1771 in
1273 1705 1489 1793 opposiltum
1513 1723 1539 1772 e
1556 1711 1611 1774 gv

349 1827 646 1895 circumferentiae
655 1834 824 1916 punctum
833 1827 982 1895 fluxerit.
995 1830 1067 1896 136.
1079 1831 1129 1898 Ut
1139 1831 1305 1899 circulum
1315 1831 1491 1899 bisecabo?

348 1958 478 2027 Eadem
504 1957 648 2024 ratione.
674 1957 747 2023 137.
771 1957 821 2024 Ut
843 1957 1008 2024 circulum
1032 1959 1071 2026 in
1095 1966 1243 2047 quatuor
1265 1967 1382 2049 partes
1404 1960 1492 2029 divi·

348 2085 447 2151 dam?
472 2083 511 2151 Si
534 2083 695 2151 diametri
724 2089 879 2150 extrema
901 2084 939 2151 in
961 2108 1070 2152 unum
1092 2094 1262 2176 punctum
1284 2094 1405 2155 mutuo
1428 2088 1492 2154 eir-

348 2209 520 2279 cumfluxo
537 2216 755 2296 concurrant,
771 2208 832 2296 qui
845 2233 907 2305 per
922 2218 1080 2279 centrum
1095 2211 1235 2280 defluat.
1248 2211 1306 2279 Sic
1318 2219 1352 2279 et
1367 2212 1489 2280 habita

282 2346 324 2410 15
347 2335 516 2402 diametro
543 2342 700 2402 centrum
727 2335 849 2402 circuli
878 2336 1043 2404 invenies.
1068 2337 1141 2404 138.
1166 2337 1224 2404 An
1251 2360 1322 2405 non
1344 2337 1410 2404 hac
1431 2337 1490 2404 via

348 2463 558 2549 quadratum
582 2462 709 2529 circulo
729 2461 984 2550 expeditissime
1008 2462 1196 2531 inscribas?
1216 2464 1289 2531 139.
1309 2466 1359 2534 Ut
1383 2466 1492 2532 circu·

346 2588 419 2654 lum
439 2588 477 2655 in
496 2611 554 2655 sex
576 2586 714 2675 partes?
732 2587 912 2653 Facillime
930 2587 1086 2655 omnium
1109 2588 1364 2658 semidiametro
1383 2591 1492 2657 conti-

346 2741 414 2783 nue
445 2715 661 2804 peripheriae
695 2713 965 2781 adcommodata.
997 2715 1070 2783 140.
1103 2716 1153 2783 Ut
1184 2715 1222 2782 in
1251 2721 1322 2783 tres
1351 2717 1489 2805 partes?

347 2845 519 2912 Continuo
538 2842 786 2910 semidiametri
808 2864 878 2910 uno
902 2849 1054 2910 extremo
1073 2843 1274 2912 alternatim
1297 2844 1389 2912 circa
1407 2846 1490 2913 elte-

280 2990 324 3054 20
346 2999 424 3043 rum
446 2975 483 3040 in
508 2972 704 3063 peripheria
726 2972 833 3038 fixum
857 2970 1125 3038 circumfluente.
1150 2973 1224 3039 141.
1247 2973 1298 3042 Ut
1321 2973 1489 3042 circulum

346 3101 545 3192 duplicabo,
566 3099 840 3189 quadruplicabo
863 3099 949 3166 etc?
968 3098 1093 3166 Nonne
1116 3106 1150 3167 et
1173 3099 1308 3169 duobus
1332 3102 1490 3170 semidia-

346 3227 464 3294 metris
499 3227 543 3294 ad
583 3226 751 3313 angulum
785 3231 917 3291 rectum
952 3224 1146 3314 dispositis,
1179 3233 1386 3316 sumptaque
1413 3227 1489 3295 basi

347 3352 544 3440 orthogonii
568 3352 736 3440 angulum
754 3357 887 3417 rectum
910 3350 1173 3419 subtendentis?
1194 3353 1267 3418 142.
1287 3354 1338 3421 Ut
1355 3352 1491 3421 duobus

347 3482 587 3570 inaequalibus
604 3481 742 3548 circulis
758 3503 866 3548 unum
884 3479 1060 3566 integrum
1079 3479 1168 3548 dabo
1187 3481 1385 3567 aequalem?
1400 3483 1489 3548 Item

281 3614 324 3676 25
347 3611 376 3676 si
392 3632 456 3698 pro
473 3608 727 3676 semidiametro
744 3607 902 3694 capiatur
921 3607 1089 3695 angulum
1101 3613 1233 3675 rectum
1252 3629 1294 3674 ex
1309 3608 1489 3697 utriusque

347 3736 611 3803 semidiametris
628 3736 857 3803 constitutum
875 3733 981 3800 tertia
999 3733 1211 3801 subtendens
1228 3732 1330 3801 linea.
1351 3735 1424 3801 143.
1440 3736 1490 3803 Ut

348 3863 516 3929 circulum
547 3861 675 3929 circulo
707 3861 885 3948 aequalem
915 3867 1022 3947 atque
1047 3859 1346 3948 proportionalem
1377 3859 1488 3927 dabo?

349 3990 597 4058 Huiuscemodi
616 3990 696 4056 data
715 3988 980 4055 semidiametro.
1001 3988 1075 4053 144.
1092 3988 1142 4055 Ut
1158 3987 1325 4055 circulum
1339 3989 1489 4056 circulus

348 4116 501 4183 vicissim
515 4115 706 4182 bisecabit?
722 4114 850 4180 Centro
866 4113 969 4180 unius
985 4113 1076 4179 circa
1090 4119 1259 4200 punctum
1275 4113 1490 4201 peripheriae

350 4287 1480 4301 *mm——

441 4389 456 4441 t
471 4401 566 4437 manca
581 4386 678 4454 l'opus
691 4386 736 4437 133
799 4387 829 4436 19
845 4384 987 4436 continuo
