3428 5138
350 431 410 489 288
655 441 793 487 lonoaru
809 441 912 486 anum
933 440 978 486 DF}
998 441 1133 504 nmmo,
1155 440 1200 487 lv.

350 599 437 665 Cum
455 600 561 685 vulgo
581 598 760 663 innumere
779 596 1013 684 speculamina
1032 596 1290 684 multiplicabit.

350 717 459 808 Sansu
479 715 665 782 distraetus
683 714 832 779 nimium
849 712 1041 800 primordia
1060 713 1180 779 multis

348 831 518 918 Inquiret‚
540 830 625 897 mihi
645 852 731 915 quae
750 828 855 895 medii
874 851 936 916 per
954 828 1122 916 simplicis
1141 836 1258 895 actum

348 948 556 1032 Occurrunt,
577 945 796 1031 numerisque
815 944 886 1011 suis
904 944 1129 1011 monstranda
1147 945 1357 1033 probabunt.

303 1061 324 1124 ὓ
347 1063 451 1129 Hisce
469 1069 560 1129 artes
579 1061 696 1129 variae
713 1061 954 1127 demonstrant]
970 1061 1087 1126 omnia
1105 1060 1228 1148 primis

349 1179 416 1247 Seu
434 1201 607 1263 numeros
628 1201 688 1244 seu
706 1198 898 1264 mensurae,
919 1200 977 1243 seu
996 1176 1164 1264 pondera,
1184 1200 1244 1247 seu
1263 1186 1332 1244 rho·

348 1303 478 1381 menta,
499 1296 623 1382 ‹pribus
642 1294 753 1380 magis
772 1293 850 1379 hoo,
871 1292 986 1359 minus
1005 1300 1066 1359 aut
1089 1293 1231 1378 aequale
1249 1293 1390 1359 feratur.
1466 1323 1492 1360 lo

350 1415 443 1492 Quae
462 1436 532 1478 non
550 1411 737 1499 propositis
755 1417 894 1476 lantum
913 1410 1033 1476 (lamus
1052 1417 1148 1497 apta,
1169 1409 1228 1475 sed
1247 1409 1340 1475 ultro

348 1529 511 1607 Quolibet
530 1529 567 1594 in
585 1551 709 1614 genere
728 1534 763 1593 et
781 1527 895 1615 speeie
914 1549 1050 1613 quoque
1070 1526 1190 1593 ordine
1209 1548 1354 1612 cunque.

283 1649 325 1712 10
347 1645 443 1710 Haeo
461 1644 570 1731 igitur
589 1645 675 1710 serie
695 1666 763 1730 qua
782 1649 863 1709 sunl
882 1642 932 1708 ibi
952 1642 1081 1730 scripta
1100 1648 1249 1729 reperte.

845 1881 998 1925 ORESTES.

348 2050 419 2117 Uni
439 2073 508 2114 nna
527 2056 579 2114 esi
598 2049 703 2135 ratio,
725 2048 848 2115 similis
868 2049 987 2135 simili,
1007 2073 1116 2137 aequa
1136 2073 1300 2136 coaequo,

350 2165 518 2253 Opposito
537 2164 710 2253 opposita,
730 2164 868 2231 inverso
888 2164 1040 2249 inversa,
1060 2165 1177 2253 inquil
1196 2166 1342 2232 Orestes.
1467 2195 1492 2235 ιιι

843 2412 1001 2459 PYLADES.

283 2592 325 2657 15
349 2582 536 2647 Consirnilo
555 2589 590 2647 et
609 2604 757 2668 aequum
775 2587 828 2648 esi
846 2581 898 2645 illi
918 2581 974 2647 cui
994 2581 1156 2667 congruit
1175 2605 1276 2649 omne

350 2700 416 2763 Per
436 2699 536 2783 qualo
555 2705 590 2764 et
608 2706 792 2784 (piantem,
812 2697 960 2785 Pylades
978 2698 1158 2764 scribendo
1177 2698 1325 2765 notavit.

840 2924 1005 2970 AMYN'I'AS.

346 3098 399 3162 Do
417 3095 565 3183 geminis
581 3118 689 3181 aequo
709 3095 847 3184 dempto
864 3097 1040 3164 adieelore
1060 3099 1250 3165 manebunt

347 3215 396 3281 Ut
414 3214 553 3279 fuerant
572 3213 673 3300 aequi
692 3214 747 3279 vol
766 3214 896 3301 iniqui,
917 3214 1006 3280 dixit
1026 3215 1210 3302 Amyntas,
1491 3232 1532 3293 p.
1551 3218 1650 3281 149

282 3417 326 3479 90
850 3441 991 3484 manns.

347 3605 384 3670 Si
403 3605 580 3691 ‹lenrptum
600 3605 753 3694 dempto,
774 3615 887 3674 totum
906 3609 1039 3694 lotique
1060 3609 1126 3675 siet
1145 3634 1208 3697 par
1463 3644 1490 3681 zo

346 3720 419 3785 Aut
438 3721 565 3806 similo,
587 3730 621 3787 ob
639 3723 707 3788 toti
726 3730 778 3788 est
797 3725 969 3810 reliquum
989 3726 1178 3811 conforme,
1196 3727 1246 3792 ait
1265 3729 1421 3796 Hermes.

848 3952 990 3997 nomas.

346 4121 410 4186 Oui
429 4127 541 4185 tolum
561 4142 632 4184 osso
651 4126 779 4206 potest,
800 4120 910 4185 maius
929 4122 1149 4207 reputabitur
1168 4122 1242 4205 illo,

279 4243 323 4307 25
346 4238 395 4304 Ut
414 4236 528 4301 minus
546 4235 611 4301 hoe
629 4234 683 4300 cui
703 4258 796 4321 pars,
816 4235 969 4321 signavit
989 4236 1025 4299 in
1045 4237 1128 4303 orbe
1149 4239 1286 4303 Polites.

440 4448 471 4498 23
485 4464 497 4497 e
511 4448 543 4497 Ξῖ)
562 4446 681 4512 Palyros
