3428 5138
463 459 618 507 aarrevm
640 459 813 506 anvnasvs
835 459 1105 506 uarnnuaricos.
1321 441 1360 503 47

211 637 284 703 lum
302 636 504 703 subtensum
534 635 661 721 fluant;
687 636 839 702 eiusdem
868 636 960 702 enim
992 640 1074 702 sunt
1105 633 1301 699 altitudinis
1326 640 1361 700 et

214 764 366 851 aequalis
385 763 488 831 basis.
507 764 561 830 67.
580 763 629 831 Ut
648 787 669 830 a
696 772 827 852 puncto
857 764 894 830 in
923 785 992 830 uno
1022 763 1170 828 laterum
1192 760 1361 849 trianguli

214 897 294 963 dato
312 896 442 961 lineam
462 894 599 980 ducam,
621 917 708 981 quae
731 894 946 981 triangulum
970 893 1104 959 dividat
1121 890 1303 958 bifariam?
1324 889 1362 958 Si

213 1024 304 1089 latus
333 1022 370 1087 iu
398 1043 466 1108 quo
497 1029 550 1087 est
576 1027 746 1109 punctum
774 1021 894 1089 datum
922 1020 1106 1105 bisecetur,
1132 1027 1167 1086 et
1194 1027 1362 1109 punctum

170 1153 192 1217 ὁ
214 1151 300 1216 fluat
319 1150 357 1215 in
376 1150 575 1238 oppositum
594 1150 774 1236 angulum,
791 1151 847 1216 cui
866 1149 978 1216 fluxus
994 1148 1178 1236 parallelus
1198 1147 1244 1214 sit
1264 1147 1361 1230 aliua,

215 1301 338 1366 nempe
357 1279 481 1365 puncti
498 1276 713 1362 bisectionis,
733 1277 771 1343 in
795 1277 892 1344 cuins
920 1277 1033 1343 fluxus
1061 1276 1248 1342 terminum
1276 1275 1363 1341 fluat

216 1404 335 1470 datum
353 1412 532 1491 punctum.
552 1405 604 1481 68.
622 1404 671 1470 Ut
690 1403 904 1491 triangulum
928 1402 1117 1490 quemlibet
1140 1403 1184 1469 ad
1203 1401 1363 1488 orthogo-

217 1534 315 1600 nium
333 1533 514 1600 reducam?
536 1533 573 1597 Si
596 1532 884 1619 quemadmodum
903 1534 946 1622 Θ
966 1532 1162 1621 triangulus
1191 1531 1286 1597 ΑΕΟ
1314 1554 1365 1597 re·

218 1659 356 1726 ducitur
372 1658 416 1724 ad
425 1657 531 1744 ACO‚
547 1665 691 1746 propter
706 1658 770 1725 hoc
786 1658 878 1745 quod
894 1666 946 1725 est
964 1659 1022 1725 ille
1037 1657 1270 1744 ambligonius
1286 1680 1364 1723 oum

154 1799 196 1861 10
217 1789 281 1854 hoo
312 1787 517 1874 orthogonio
537 1810 640 1876 super
659 1786 795 1874 aequali
823 1787 877 1853 vel
907 1787 1025 1854 eadem
1053 1788 1128 1854 basi
1157 1786 1240 1873 AO,
1270 1787 1364 1854 intra

218 1913 354 1980 easdem
384 1913 565 2000 parallelas
597 1913 660 1979 AO
695 1920 729 1978 et
758 1911 816 1977 EO
853 1912 1072 1979 constitutus.
1102 1913 1162 1979 Fit
1189 1914 1296 1980 etiam
1321 1913 1364 1979 ad

218 2042 467 2129 aequilaterum
495 2041 607 2108 media
634 2040 887 2130 proportionali
916 2041 1008 2107 inter
1035 2048 1213 2109 extremas.
1239 2043 1290 2108 69.
1315 2043 1365 2110 Ut

220 2169 389 2256 trianguli
407 2168 606 2254 orthogonii
630 2169 844 2256 superficiem
867 2170 1008 2257 planam
1036 2170 1221 2237 dimetiar?
1248 2169 1287 2235 Si
1315 2193 1366 2236 se-

220 2299 360 2365 missem
377 2297 481 2362 unius
498 2296 618 2362 lateris
636 2295 674 2360 in
698 2303 808 2362 totam
827 2297 1103 2384 magnitudinem
1122 2299 1264 2365 alterius
1283 2297 1366 2365 mul·

154 2425 195 2489 le
218 2423 468 2513 tiplicabimus,
479 2422 535 2489 vel
551 2430 625 2488 tota
641 2422 678 2489 in
694 2424 841 2490 altorum
860 2425 963 2491 dueta
982 2425 1169 2492 conflatum
1186 2448 1367 2492 numerum

221 2552 259 2616 in
276 2557 392 2638 partes
411 2549 571 2635 aequales
590 2548 851 2636 distribuemus,
871 2560 911 2618 ut
929 2552 958 2618 si
982 2553 1026 2642 Θ
1050 2552 1114 2618 GD
1143 2554 1189 2619 sit
1218 2560 1366 2641 quatuor

219 2678 387 2768 partium,
403 2675 464 2742 GC
484 2700 565 2744 vero
582 2685 674 2763 octo,
694 2685 806 2745 totum
825 2680 892 2746 erit
906 2681 1053 2768 triginta
1073 2689 1108 2749 et
1126 2682 1270 2749 duarum
1289 2705 1366 2771 par-

220 2807 325 2872 tium:
345 2806 410 2873 hoc
428 2805 615 2872 conflatum
632 2807 699 2872 erit
713 2809 1028 2896 parallelogrammi
1046 2813 1283 2902 comprehensi
1302 2815 1365 2882 sub

221 2933 324 3000 rectis
335 2934 401 2999 DG
415 2934 493 3019 Ga,
511 2958 633 3024 nempe
645 2936 959 3025 parallelogrammi
969 2939 1105 3027 GDEQ
1120 2943 1271 3009 semissis
1283 2965 1365 3030 ergo

155 3065 199 3129 20
221 3061 294 3126 eius
313 3059 396 3126 GDc
415 3060 481 3125 erit
500 3059 648 3127 sedecim
665 3062 828 3149 partium.
852 3065 904 3129 70.
925 3066 974 3133 Ut
994 3069 999 3152 Ι
1019 3066 1187 3155 trianguli
1202 3068 1367 3157 isopleuri
1391 3071 1421 3133 d
1437 3070 1490 3134 6v

223 3187 437 3276 superficiem
461 3187 642 3255 dimetiar?
667 3190 706 3256 Si
729 3199 768 3257 ut
795 3201 830 3269 ᾗ
853 3192 945 3259 DCF
965 3195 1179 3283 triangulum
1195 3206 1288 3264 reeta
1306 3199 1364 3265 EO

223 3313 396 3380 bisecante
431 3316 468 3380 in
502 3315 569 3382 duo
601 3318 806 3406 orthogonia
838 3323 997 3389 resolvas.
1031 3325 1084 3390 58.
1110 3326 1160 3393 Ut
1183 3326 1366 3394 cuiuslibet

223 3441 390 3528 trianguli
409 3444 544 3508 aream?
565 3443 602 3508 Si
621 3445 810 3530 quemlibet
828 3448 1043 3536 triangulum
1059 3451 1102 3517 ad
1122 3453 1365 3540 orthogonium

224 3566 411 3653 redegeris,
431 3575 471 3634 ut
488 3570 643 3657 proxime
661 3594 774 3659 supra.
799 3573 854 3640 Ita
870 3582 904 3640 et
923 3550 1106 3643 cuiuslibet
1122 3579 1252 3665 figurae
1268 3582 1366 3646 recti·

159 3704 201 3767 ‘25
224 3697 335 3764 lineae
353 3721 433 3764 area
452 3698 663 3785 invenietur,
688 3702 858 3788 siquidem
880 3705 992 3771 omnis
1020 3706 1058 3771 in
1086 3707 1280 3795 triangulos
1308 3732 1366 3775 ne-

226 3825 371 3892 cessario
391 3826 584 3893 resolvitur.

708 3986 800 3993 .--—..—
821 3988 889 3994 ---
918 3990 975 3996 .--
1089 3993 1366 4002 ...-..-———-.-—

319 4052 350 4103 19
366 4051 621 4120 paralleligrammi
683 4055 715 4105 22
731 4057 792 4108 deve
805 4060 971 4124 eorrepqmi
983 4056 1005 4110 il
1016 4077 1044 4112 a.
1058 4062 1094 4112 68
1107 4059 1136 4113 iu
1149 4064 1184 4112 57
