3428 5138
262 386 319 447 168
569 399 709 444 tonnam
728 398 831 444 snvnr
851 399 896 443 nn
916 397 1051 460 ummo,
1073 398 1094 441 1.

342 563 360 611 l
379 556 427 615 40.
450 554 512 616 Sed
529 575 585 634 pro
596 554 845 616 hacdiffioultate
864 555 956 636 (unde
974 553 1242 633 totaignorantiae
1259 551 1404 613 maehina

261 670 410 751 exoritur)
433 670 582 746 tollenda,
605 670 831 750 respiciendum
853 678 901 733 est
922 672 1020 751 primo
1042 671 1081 731 ad
1103 669 1332 731 distinctionem
1359 668 1402 727 in·

259 794 307 846 ter
336 787 492 848 minimum
526 796 557 849 et
587 788 761 863 terminnm3
791 787 925 849 secunda
953 789 992 848 ad
1018 786 1121 848 varias
1144 786 1281 847 rationes
1308 791 1401 861 atque

262 904 414 965 rationum
431 906 557 984 gradus,
578 906 687 983 quibus
712 905 867 965 minimum
893 904 988 966 habet
1013 910 1150 982 tempus,
1179 901 1316 983 spacium
1345 920 1402 962 seu

215 1029 235 1094 5
259 1024 361 1100 locus,
386 1029 418 1083 et
436 1043 547 1102 corpus
564 1031 597 1083 et
616 1030 725 1083 motus.
749 1023 1000 1100 Quandoquidem
1017 1021 1172 1082 minimum
1195 1020 1284 1081 unius
1311 1040 1403 1097 gene-

261 1140 305 1200 ris
322 1161 340 1199 a
357 1159 467 1217 magno
485 1138 612 1199 alterius
629 1137 752 1217 generis
774 1139 947 1200 continetur
968 1148 998 1201 et
1020 1138 1147 1199 alterius
1160 1136 1303 1218 gelueris
1320 1154 1401 1214 mag·
1425 1146 1470 1208 p.
1482 1132 1555 1196 3⁹7

259 1276 333 1316 num
361 1256 509 1334 continet;
544 1256 624 1316 siout
646 1256 801 1316 minimum
821 1255 853 1315 iu
881 1276 1021 1334 corpore,
1049 1255 1131 1333 quod
1159 1263 1208 1316 est
1229 1254 1336 1331 tellus,
1360 1253 1399 1313 ud

258 1375 409 1455 spacium,
429 1375 510 1451 quod
538 1383 586 1436 est
616 1375 647 1435 in
675 1375 806 1435 maxima
833 1373 1092 1453 circumferentia,
1120 1373 1232 1435 millies
1259 1372 1402 1434 diametri

259 1502 362 1554 terrae
373 1492 593 1553 dimensionem
605 1492 814 1570 absumpsisse
828 1499 940 1571 potest.
953 1492 1042 1553 Unde
1054 1501 1086 1553 et
1103 1499 1165 1552 tem
1177 1492 1287 1570 ingens
1298 1500 1401 1553 terrae

196 1599 237 1663 10
260 1611 371 1688 globus
399 1610 439 1670 ad
466 1609 672 1689 peripheriam
689 1610 720 1670 iu
740 1609 809 1670 fixis
832 1609 924 1670 astris
944 1609 1172 1687 imaginabilem
1189 1617 1321 1690 punctus
1341 1618 1400 1670 est.

258 1727 300 1787 Et
316 1727 367 1786 hic
387 1733 489 1787 tamen
506 1745 604 1804 genus
621 1726 704 1786 idem
724 1725 938 1787 mensurabilis
955 1745 1016 1784 non
1033 1725 1215 1803 egredimur.
1233 1725 1298 1786 Iam
1325 1725 1401 1803 quid

258 1842 426 1922 putandum
444 1842 482 1903 de
504 1844 647 1920 analogia
666 1843 814 1921 temporis
832 1862 887 1904 seu
908 1841 1078 1903 durationis
1105 1841 1144 1902 ad
1171 1843 1307 1903 motum?
1334 1842 1404 1903 Vir·

259 1961 334 2022 tutis
351 1959 534 2040 impulsivne
555 1960 595 2021 ad
615 1962 777 2040 impulsum
803 1970 835 2022 et
858 1961 1093 2040 impulsionem?
1120 1962 1170 2020 An
1205 1960 1253 2022 vis
1279 1969 1402 2040 tempus

258 2096 319 2137 non
336 2097 404 2139 esse
426 2086 513 2138 extra
529 2090 657 2156 motum,
675 2086 711 2138 ut
728 2086 774 2138 tot
789 2077 912 2139 tandem
930 2087 1053 2139 coactus
1074 2078 1148 2137 mihi
1166 2077 1313 2156 temporis
1332 2097 1402 2156 spe·

195 2191 235 2253 li)
259 2195 321 2254 cies
348 2193 496 2267 adducas,
520 2202 594 2272 quot
610 2203 641 2256 et
668 2196 788 2255 motus?
810 2197 945 2274 Tempus
972 2214 1101 2272 namque
1127 2214 1220 2255 unum
1248 2193 1398 2271 omnium,

259 2310 340 2387 qnod
357 2310 526 2372 subiective
548 2311 636 2372 sitin
655 2312 750 2390 primo
770 2311 1060 2390 coelo,diupe1iit,
1079 2317 1114 2371 ut
1134 2332 1171 2373 ex
1193 2311 1263 2372 aliis
1289 2310 1402 2372 indica·

259 2427 358 2487 vimus
383 2434 414 2488 et
439 2426 641 2488 indicabimus
670 2436 785 2505 aperte.
810 2427 869 2489 His
896 2428 940 2488 ita
968 2448 1001 2488 se
1031 2427 1233 2506 habentibuS,
1259 2447 1320 2486 non
1346 2447 1402 2505 per

259 2553 371 2623 puncta
397 2544 527 2605 subiecti
554 2545 592 2605 de
624 2545 744 2624 punctis
770 2547 918 2625 temporis
946 2553 978 2605 et
1004 2554 1104 2606 motus
1132 2545 1293 2621 iudicabis;
1330 2545 1403 2623 quia

258 2684 309 2725 ros
326 2663 415 2723 unius
437 2665 560 2741 generis
580 2685 640 2725 non
663 2674 711 2726 est
731 2665 880 2726 definiens
905 2685 970 2725 rem
997 2664 1120 2743 generis
1145 2665 1291 2743 alterius,
1308 2673 1341 2726 et
1360 2665 1402 2726 ad

192 2780 236 2844 ‘20
259 2782 450 2842 durationem
465 2781 552 2842 unius
569 2783 635 2843 sine
652 2783 783 2843 univoca
802 2783 921 2842 ratione
948 2802 982 2842 se
1003 2781 1097 2842 habet
1123 2782 1251 2843 alterius
1270 2780 1401 2845 duratio.

259 2899 344 2960 Sicut
361 2908 466 2978 partes
483 2901 571 2960 nnius
590 2908 621 2959 ct
637 2899 764 2960 alterius
786 2908 857 2961 sunt
881 2901 1046 2976 aequivoce
1071 2908 1193 2978 partes,
1220 2907 1253 2960 et
1276 2899 1401 2960 minima

259 3018 448 3078 diversarum
472 3017 681 3077 definitionum
713 3019 905 3096 propriarum
932 3016 1106 3078 conditione
1128 3016 1264 3092 minima,
1288 3016 1400 3077 iccirco

257 3154 349 3193 unum
380 3154 440 3194 non
458 3143 652 3196 mensuratur
678 3155 733 3212 per
761 3134 890 3194 alterum
916 3135 974 3194 hoc
1001 3144 1105 3212 pado,
1133 3134 1192 3194 nisi
1220 3132 1318 3194 veluti
1345 3153 1403 3212 por

260 3250 377 3327 praxim
404 3251 591 3326 mechanice;
613 3252 779 3311 artificiosa
801 3251 880 3311 enim
908 3250 1129 3310 demonstratio
1155 3258 1204 3310 est
1226 3268 1282 3328 per
1298 3250 1401 3309 homo

192 3357 235 3418 ‘2⁶3
259 3388 368 3446 genes,
387 3369 466 3429 sicut
483 3389 624 3429 mensuro
640 3389 700 3428 non
718 3376 766 3428 est
783 3369 861 3429 alius
878 3369 1001 3447 generis
1016 3367 1260 3429 emensurando.

338 3490 354 3537 l
376 3488 423 3546 84.
446 3487 579 3563 Propter
595 3485 835 3547 indefinitiouem
853 3493 885 3546 et
902 3486 1199 3563 inattingibilitatem
1217 3483 1333 3545 minimi
1351 3504 1400 3544 nc-

260 3603 334 3663 cidit
355 3613 390 3664 ut
413 3612 558 3680 quantum
579 3603 764 3682 dividarnuS,
788 3625 847 3664 non
871 3604 963 3664 modu
987 3603 1154 3665 secundum
1171 3603 1327 3680 diversos,
1345 3600 1400 3661 sed

260 3722 351 3781 ctiam
376 3722 545 3782 contrarias
570 3743 763 3782 numerorum
786 3720 991 3799 differentias,
1014 3728 1121 3799 utpote
1144 3740 1257 3797 quaea
1281 3719 1348 3799 pari
1369 3724 1401 3778 et

257 3837 367 3915 impari
382 3838 625 3918 proficiscuntur.
645 3839 730 3911 erne
748 3857 822 3899 sane
840 3838 1006 3899 diversitas
1024 3846 1055 3898 et
1076 3836 1246 3915 oppositio,
1271 3836 1298 3896 si
1315 3853 1401 3895 acce-

193 3951 237 4013 30
259 3954 347 4015 deret
373 3975 434 4014 non
458 3962 576 4015 tant-um
599 3975 636 4015 cx
661 3966 767 4016 nostra
796 3955 961 4034 positione,
985 3952 1040 4015 sod
1063 3952 1213 4013 etiamen
1237 3960 1327 4030 parte
1351 3951 1398 4011 rei

260 4072 429 4145 subiectae,
448 4074 526 4132 bene
554 4072 752 4150 opinarentur
777 4070 871 4147 aliqui
896 4071 1070 4131 continuum
1101 4088 1171 4129 esse
1202 4089 1257 4129 sua
1288 4076 1397 4127 natura

259 4189 398 4267 simplex.

351 4400 382 4450 21
393 4399 472 4463 soree
486 4401 670 4467 aequivocae.
