3428 5138
523 398 679 444 sancum
700 397 870 449 nuvansvs
891 400 1160 448 ua'rsausmcos.
1372 390 1411 450 41

271 596 358 655 acra,
377 577 412 638 et
420 571 557 660 patebit
567 594 640 639 esse
650 572 757 640 trium
776 575 997 660 sequentium
1011 576 1174 663 partium,
1187 577 1341 664 qualium
1351 578 1411 645 NS

265 705 339 765 erat
352 699 509 787 proxime
520 699 813 784 antecedentium;
830 723 953 789 nempe
967 702 997 768 si
1006 702 1086 769 illae
1102 711 1183 770 sunt
1193 704 1333 792 primae,
1347 706 1412 773 hae

264 830 346 891 sunt
362 823 543 910 secundae,
562 824 591 891 si
607 824 687 891 illae
704 826 844 913 tertiae,
860 827 925 894 hae
938 835 1095 915 quartae,
1116 829 1217 896 etita
1236 830 1411 921 deinceps,

264 953 316 1018 34„
334 951 426 1030 Quid
443 950 473 1018 si
489 952 672 1020 minimum
689 955 851 1022 sensibile
867 956 1006 1042 quidem
1026 964 1091 1044 est,
1110 957 1168 1024 sed
1192 959 1409 1049 impercepti-

219 1080 241 1144 5
264 1077 354 1144 bile?
369 1077 461 1166 Cape
478 1078 644 1145 maiorem
659 1086 804 1167 partem,
823 1105 910 1168 quae
929 1089 1028 1149 tanto
1047 1083 1113 1150 erit
1131 1086 1408 1174 perceptibilium

263 1205 391 1271 etenim
414 1229 456 1271 ex
479 1205 624 1274 definita
647 1207 771 1274 maiori
801 1215 901 1297 parte
929 1209 1031 1276 facile
1064 1211 1243 1296 quantitas
1277 1213 1407 1280 residui
1474 1262 1480 1273 .

263 1337 496 1417 cognoscetur.

625 1634 908 1733 naussum
954 1659 1043 1733 uu.

712 1835 766 1891 DE
793 1835 961 1892 ANGVLO.

702 2119 897 2186 Asnovavs
919 2119 973 2184 80.

353 2346 445 2426 Quid
465 2347 630 2433 angulum
649 2346 749 2412 aiunt
768 2344 913 2410 duarum
930 2344 1100 2410 linearum
1124 2369 1159 2412 se
1182 2347 1403 2432 tangentium

263 2482 297 2541 et
316 2496 387 2542 non
410 2474 448 2540 in
471 2472 641 2539 directum
665 2471 809 2537 sitarum
833 2478 988 2537 mutuam
1011 2471 1289 2558 inclinationem,
1315 2475 1344 2540 si
1369 2485 1404 2541 et

262 2607 395 2666 rectum
413 2599 579 2686 angulum
599 2600 849 2667 constituentes
867 2598 978 2665 lineae
1002 2621 1072 2666 non
1095 2605 1176 2665 sunt
1199 2599 1402 2687 inclinatae,

260 2726 320 2793 sed
338 2727 389 2793 ibi
407 2726 522 2815 potius
542 2735 594 2793 est
618 2735 711 2794 recta
734 2750 838 2815 super
861 2733 992 2794 rectam
1020 2727 1183 2793 insistens
1206 2728 1263 2793 vel
1284 2731 1403 2796 stans?

196 2861 237 2926 15
261 2854 334 2920 Nec
357 2855 478 2921 Proclo
497 2855 630 2945 placuit
648 2855 732 2922 haec
755 2855 921 2923 definitio.
940 2856 993 2921 81.
1011 2855 1115 2921 Mitto
1131 2856 1222 2943 quod
1233 2859 1402 2944 angulum

260 2989 393 3049 rectum
411 2982 593 3050 definitum
616 3005 687 3050 non
710 2983 810 3052 video
834 2984 878 3049 ab
900 2983 1056 3068 Euclide,
1081 2984 1141 3050 sed
1167 2984 1313 3072 angulos
1332 3009 1402 3053 rec-

260 3117 323 3175 tos.
346 3109 400 3174 82.
427 3108 606 3196 Angulum
629 3132 764 3197 quoque
788 3116 926 3176 acutum
951 3132 1022 3175 esse
1056 3108 1169 3175 dicere
1201 3111 1261 3197 qui
1287 3113 1402 3179 minor

259 3244 365 3322 rect0,
391 3259 461 3304 non
484 3260 556 3303 esse
579 3237 822 3304 universaliter
853 3237 985 3302 dictum
1009 3243 1044 3302 et
1067 3236 1109 3302 de
1131 3237 1226 3304 omni
1257 3239 1399 3306 Proclus

258 3366 515 3432 animadvertit.
533 3367 587 3432 83.
606 3365 821 3433 Rectilineus
840 3386 975 3451 quoque
994 3370 1107 3431 rectus
1126 3371 1219 3432 recto
1239 3365 1400 3432 circulari

192 3498 237 3561 20
259 3487 368 3553 maior
385 3488 546 3574 habetur,
564 3510 634 3555 non
654 3492 772 3553 tamen
790 3493 842 3552 est
859 3486 1015 3569 obtusus;
1032 3492 1067 3550 et
1086 3485 1264 3552 circularis
1285 3495 1400 3554 rectus

259 3614 372 3681 minor
390 3622 441 3680 est
460 3615 652 3700 rectilineo,
676 3637 748 3681 non
764 3620 881 3679 tamen
896 3619 989 3679 recto
1006 3611 1128 3678 minor.
1145 3613 1199 3676 84.
1217 3612 1396 3700 Angulum

161 3750 164 3755 ’
259 3744 445 3811 secundum
464 3743 638 3831 triplicem
662 3739 951 3828 significationem
975 3739 1120 3828 accipio,
1145 3747 1206 3806 aut
1230 3741 1323 3806 enim
1347 3751 1398 3808 est

260 3870 427 3937 terminus
461 3871 521 3958 qui
549 3878 583 3937 et
614 3870 710 3936 cuius
733 3868 829 3935 nulla
852 3874 904 3934 est
927 3890 1022 3954 para,
1047 3874 1108 3933 aut
1131 3875 1183 3933 est
1216 3869 1399 3937 minimum

259 3999 350 4084 quod
368 3999 480 4086 prima
501 4005 552 4064 est
580 4021 675 4086 pare,
694 4003 754 4063 aut
772 4003 824 4063 est
843 3996 1010 4062 distantia
1026 3996 1129 4062 unius
1146 3995 1196 4080 (in
1216 3997 1290 4063 basi
1318 3999 1322 4087 Ι
1344 3999 1399 4064 vel
1422 4003 1453 4065 d
1470 4004 1522 4066 2⁹

193 4124 236 4188 ‘25
259 4147 341 4191 arcu
360 4123 588 4212 peripheriae)
614 4124 772 4190 datarum
790 4121 941 4210 partium
958 4145 977 4187 a
993 4128 1123 4210 puncto
1136 4122 1247 4187 coitus
1265 4122 1301 4187 in
1319 4122 1400 4189 dua-

259 4249 323 4316 bus
350 4249 451 4315 lineis
482 4249 685 4318 coeuntibus
709 4255 858 4337 accepta.
882 4249 935 4312 85.
961 4246 1119 4333 Angelus
1144 4247 1399 4333 aequilateralis

261 4375 361 4441 uobis
396 4374 565 4441 catholice
600 4381 652 4439 est
685 4396 845 4439 mensura
878 4395 981 4459 quam
1018 4371 1244 4458 orthogonius
1285 4373 1401 4460 potior

393 4493 469 4534 Bucar
489 4492 544 4542 opp.
556 4494 596 4531 tut.
610 4492 628 4543 1,
640 4492 661 4531 8.
1228 4490 1240 4531 t
