3428 5138
506 429 821 476 couruurnlrrouus
841 427 885 472 nx
909 426 1042 472 murno.
1284 407 1340 465 211

201 606 285 663 pars,
305 605 382 663 quae
404 592 452 646 est
475 593 539 645 tum
559 584 775 645 mathematica
792 583 893 643 unitas
916 581 1140 663 arithmetilco,
1158 590 1223 641 tum
1241 580 1342 657 logica
1365 591 1406 652 p.
1421 576 1492 638 '75

200 701 417 763 universaliter
433 703 531 779 dicta,
545 710 580 763 ut
597 702 795 779 grammatico
811 708 944 761 atomum
959 706 1008 759 est
1021 698 1156 777 syllaba,
1176 697 1339 759 dialectico

202 817 307 896 dictio,
331 818 532 879 versificatori
554 838 622 897 pes;
648 825 680 878 et
702 816 834 878 secundo
863 815 998 877 continui
1019 834 1092 894 pars
1113 814 1224 895 prima,
1245 823 1278 875 et
1299 815 1344 875 sio

200 936 284 995 iuxta
302 937 406 1014 plures
425 934 559 996 continui
577 934 697 1013 species
719 942 768 994 est
787 933 956 1012 multiplex.
978 933 1038 992 Est
1058 934 1137 991 enim
1158 942 1343 991 momentum

157 1048 178 1111 b
201 1053 232 1111 in
253 1052 454 1130 qualitatibus
470 1051 580 1112 activis
601 1061 633 1113 et
655 1050 788 1130 passivis
810 1058 842 1110 et
867 1051 996 1126 neutris;
1018 1060 1088 1110 sunt
1105 1049 1186 1111 euim
1203 1049 1272 1110 heic
1292 1047 1348 1107 mi·

201 1169 302 1227 nimus
323 1168 423 1245 dolor,
451 1168 574 1228 minima
596 1166 740 1245 dulcedo,
770 1167 911 1228 minimus
936 1167 1032 1245 color,
1062 1165 1184 1226 minima
1206 1165 1274 1241 lux,
1300 1163 1345 1224 ibi

202 1286 357 1347 minimum
372 1286 569 1364 triangulum,
585 1285 741 1345 minimum
760 1285 922 1361 circulare,
940 1283 1097 1344 minimum
1113 1291 1241 1357 rectum,
1262 1282 1346 1342 mini·

203 1424 284 1464 mum
301 1423 441 1478 curvum;
457 1409 506 1463 est
519 1402 550 1462 iu
567 1401 729 1463 duratione
744 1402 877 1479 instans,
893 1401 923 1460 in
937 1400 1005 1461 loco
1020 1398 1177 1460 minimum
1194 1398 1344 1478 spacium,

204 1521 234 1580 iu
255 1518 446 1597 longitudine
463 1526 495 1580 ot
512 1519 673 1581 latitudine
691 1527 850 1598 punctum,
871 1518 903 1578 in
924 1537 1052 1597 corpore
1073 1516 1229 1577 minimum
1245 1516 1347 1594 ipsum

139 1638 181 1700 10
204 1657 314 1717 corpus
329 1646 420 1713 atque
438 1638 576 1716 primum.

285 1767 301 1813 ‘t
323 1755 383 1815 Tot
399 1755 592 1816 exstantibus
605 1755 699 1815 atomi
713 1756 877 1833 generibus
898 1755 1147 1835 principibusque
1164 1724 1345 1834 speciebus,

206 1873 372 1934 secundum
392 1872 508 1933 nullum
529 1892 626 1951 genus
648 1872 822 1948 nullamque
846 1873 980 1950 speciem
1000 1880 1133 1933 atomum
1156 1892 1226 1933 esse
1254 1891 1346 1951 posse

205 1989 404 2069 corruptibile
422 1989 472 2049 vel
490 1989 687 2058 mortalelvel
705 1990 892 2066 generabile;
914 1987 970 2051 sed
990 1990 1098 2049 horum
1119 1988 1269 2065 quaedam
1288 1987 1348 2067 pri-

206 2109 302 2168 maria
319 2109 507 2189 proprietate
529 2117 619 2186 atque
641 2107 864 2187 significatione
886 2115 957 2170 sunt
979 2127 1083 2169 eorum
1110 2127 1188 2185 quae
1208 2107 1286 2168 fiunt
1303 2126 1348 2167 ac-

141 2221 182 2284 15
206 2226 339 2287 ridentia
358 2235 455 2303 certa;
475 2234 590 2289 etcum
608 2235 691 2307 sunt,
710 2248 770 2288 non
784 2235 856 2288 suut
869 2245 925 2306 per
939 2226 1191 2305 compositionem
1208 2225 1349 2286 intrinse-

206 2365 280 2422 cam,
300 2352 333 2405 et
348 2365 416 2405 cum
433 2366 493 2406 non
510 2356 593 2424 sunt,
612 2346 734 2406 minime
748 2346 871 2423 quidem
892 2366 948 2425 per
961 2346 1043 2407 viam
1064 2347 1275 2408 dissolutionis
1293 2367 1348 2408 seu

207 2462 367 2525 divisionis
389 2485 450 2524 non
471 2474 542 2526 sunt
564 2464 821 2546 (quandoquidem
843 2486 904 2527 non
930 2474 1002 2529 suut
1029 2467 1059 2526 in
1081 2466 1180 2543 aliquo
1209 2467 1347 2527 subiecto

205 2591 359 2658 tamquam
376 2584 471 2663 pars),
490 2592 524 2642 ut
541 2604 601 2642 vox
622 2590 655 2643 et
673 2584 793 2662 species
811 2583 950 2645 visibilis.
969 2584 1103 2660 Ideoque
1120 2584 1205 2645 iuxta
1225 2584 1348 2644 modum

206 2699 426 2759 accidentalem
447 2699 558 2759 dicitur
579 2699 617 2759 de
634 2698 697 2759 illis
719 2719 797 2760 nunc
817 2700 939 2776 quidem
967 2720 1049 2775 esse,
1078 2721 1158 2761 nunc
1184 2720 1258 2761 vero
1287 2721 1348 2761 nou

140 2808 184 2870 ⁵20
207 2834 288 2892 esse,
306 2816 377 2891 quia
394 2815 539 2876 videlicet
555 2836 635 2876 nunc
656 2825 739 2894 sunt,
761 2837 840 2877 nunc
860 2837 934 2879 vero
962 2838 1021 2877 non
1050 2825 1135 2894 suut;
1163 2818 1350 2897 impropriis·

207 2934 282 2996 sime
299 2955 372 2995 vero
390 2935 532 3012 generari
553 2935 729 2996 dicerentur
755 2937 804 2997 vel
832 2936 996 3016 corrumpi,
1023 2937 1103 2996 sicut
1127 2933 1218 2998 etianl
1247 2937 1346 3013 nasci,

205 3051 295 3129 mori,
314 3051 482 3128 ambulare,
503 3072 640 3130 currere,
655 3050 750 3114 filare.
774 3051 930 3124 Quaedam
958 3072 1031 3114 vero
1059 3053 1184 3132 proprie
1209 3051 1349 3113 intrinse-

207 3193 301 3250 raque
321 3178 430 3231 natura
446 3182 584 3248 aeterua,
603 3171 796 3249 immortalia,
822 3172 1083 3250 iuoomponibilia,
1106 3169 1346 3250 indissolubilia,

207 3291 339 3367 animae,
354 3290 418 3366 Dii,
436 3290 536 3367 Deus,
551 3290 588 3350 de
604 3290 713 3367 quibus
728 3290 899 3352 accuratius
915 3290 946 3350 in
964 3289 1237 3368 Metaphysiois
1259 3298 1291 3350 et
1311 3292 1349 3351 iis

141 3403 184 3465 ⁸25>
203 3427 280 3482 quae
297 3407 348 3465 De
376 3405 505 3483 anima,
521 3406 587 3466 Doo
606 3406 694 3466 nobis
709 3405 926 3486 suppeditanto
942 3415 1071 3484 tempus,
1090 3406 1212 3467 euobis
1227 3406 1350 3467 definie-

207 3532 264 3583 tur.
284 3524 429 3582 Attamen
450 3541 529 3581 nunc
551 3521 589 3582 de
611 3520 730 3582 futurus
752 3523 877 3582 incertis
894 3522 987 3582 liceat
1002 3522 1106 3600 paulo,
1126 3521 1166 3582 ud
1188 3522 1273 3582 illam
1291 3543 1350 3582 me·

208 3640 385 3700 ditationem
405 3641 442 3700 de
461 3640 710 3718 profundioribus
727 3640 858 3718 ingeniis
876 3640 1137 3720 exsuscitandam,
1155 3661 1314 3721 evogasse.

211 3799 459 3808 --—-------..
483 3802 493 3807 -.
511 3802 582 3807 -—.
596 3803 602 3807 .
619 3803 629 3808 -
656 3801 890 3809 -·-—-—-..-—...-
901 3802 1172 3809 -..--.------..
1199 3801 1232 3808 .-ι
1248 3800 1273 3808 -

303 3885 335 3933 23
352 3885 521 3934 dolinirotur
584 3889 615 3936 26
632 3883 700 3949 appi
712 3887 810 3936 futuro
823 3903 919 3937 orrrro
931 3887 1039 3936 futuris
