3428 5138
261 396 321 456 230
561 411 699 459 manum
719 413 821 460 navul
841 414 886 459 na
906 414 1044 477 maluo,
1064 413 1099 459 u,

706 776 858 847 cAPvn
893 779 989 846 XIV.

401 955 518 1020 Quomodo
537 983 565 1012 ox
585 977 646 1013 tactu
664 974 688 1012 tn
705 978 788 1024 puncto
805 975 950 1025 consignetur
966 981 1028 1016 rocta
1041 976 1126 1018 olroalo
1145 977 1260 1028 aequalia,

423 1048 445 1084 et
460 1043 599 1085 infinitorum
614 1047 748 1095 punctorum
760 1045 886 1084 successiva
897 1045 1002 1086 tramitte
1015 1046 1038 1086 in
1051 1049 1152 1096 tompore
1164 1046 1237 1087 finito.

349 1280 447 1346 Adde
467 1287 506 1346 ut
525 1287 559 1344 et
578 1281 616 1345 in
634 1287 763 1368 puncto
783 1280 813 1346 si
828 1287 952 1366 tangat
970 1280 1148 1368 sphaerica
1166 1282 1308 1369 planum

215 1384 236 1449 5
260 1397 484 1484 Continuum,
506 1419 545 1462 ac
563 1397 681 1462 veniat
700 1403 791 1463 recte
810 1398 966 1463 revoluta
984 1420 1046 1485 per
1063 1398 1163 1480 illud,

259 1514 444 1600 Adpictam
464 1512 620 1598 sequitur
639 1536 763 1578 curvae
778 1513 925 1599 longedo
945 1515 1132 1602 peripsam

205 1666 208 1673 ·
260 1628 456 1694 Olarescons
475 1634 613 1692 rectam.
632 1628 719 1693 Dico
738 1628 894 1693 revoluta
910 1629 1021 1715 figura
1039 1630 1123 1695 hacc

259 1746 325 1811 Per
343 1747 487 1833 planum
506 1747 682 1813 invertens
703 1770 750 1829 se,
770 1754 866 1812 motu
886 1747 1111 1814 continuante

259 1861 468 1928 Continuam
487 1863 602 1949 signet
621 1885 759 1950 suaper
777 1863 925 1949 vestigia
944 1870 1074 1929 rectam

194 1972 237 2037 10
259 1978 301 2043 In
320 1979 423 2067 plano
443 1980 632 2065 aequalem,
653 1979 749 2045 cuius
768 1979 814 2045 sit
833 1979 1000 2045 terminus
1020 1980 1111 2046 idem

259 2096 426 2179 PunctuS‚
446 2095 507 2161 ubi
524 2095 688 2160 acciderit
707 2118 843 2161 rursum
861 2095 1014 2162 subiecta
1033 2103 1150 2162 tenere

258 2211 373 2293 Plani,
392 2210 451 2298 qui
470 2211 601 2298 primus
619 2211 741 2277 tenuit.
761 2212 979 2299 Quuaprcptor
995 2220 1035 2279 ut
1054 2212 1176 2279 ambae

259 2328 421 2395 Partibus
440 2327 630 2393 innumeris
650 2328 857 2413 consistunt,
877 2329 1108 2414 continueque

228 2455 232 2463 '
259 2444 303 2508 Se
322 2444 502 2530 attingunt
520 2450 650 2531 puncto
669 2444 835 2510 nimirum
853 2467 987 2531 semper
1005 2443 1042 2508 in
1060 2466 1128 2510 uno

192 2554 234 2620 15
259 2560 416 2647 Singula,
437 2584 500 2626 neo
518 2568 631 2626 rectae
651 2560 786 2647 cyclum
805 2561 1005 2647 contingere
1023 2560 1124 2647 plura

259 2676 464 2761 Conveniat,
486 2677 575 2763 cycli
594 2699 704 2762 neque
723 2677 823 2764 plura
842 2676 1014 2762 attingere
1032 2684 1179 2761 rectam3

257 2795 430 2861 inuiolata
450 2794 543 2860 cadit
561 2796 734 2861 conclusio
754 2797 920 2881 firmaque
938 2796 1079 2861 tandem

259 2913 374 2978 Motus
393 2916 432 2977 ut
451 2911 507 2977 hic
527 2911 704 2977 infinitum
722 2912 931 3000 percurrerit
949 2912 1079 3000 ipsum,

260 3030 327 3096 Seu
346 3029 487 3116 physice
505 3030 620 3115 capias
639 3052 698 3094 sou
717 3030 839 3115 quavis
858 3037 949 3096 sorte
967 3029 1140 3096 mathesis.

191 3143 235 3205 20
259 3146 321 3211 Sat
337 3146 366 3211 si
387 3146 549 3211 continue
568 3145 674 3211 fuerit
691 3147 866 3232 resoluti0‚
887 3153 921 3213 et
940 3147 1045 3213 inter-

257 3263 375 3328 missio
395 3286 466 3327 nou
485 3262 602 3347 fuerit,
624 3286 691 3349 qua
710 3264 809 3351 tangi
828 3271 863 3330 et
878 3272 1020 3351 tangere
1039 3266 1191 3353 adusque

258 3379 300 3443 Sa
321 3380 387 3445 duo
408 3379 585 3463 tlosierint3
607 3381 746 3447 sednon
766 3388 897 3447 tactum
914 3382 988 3448 sine
1006 3383 1075 3447 fine

257 3496 344 3561 Cum
363 3520 505 3563 numero
525 3519 695 3582 nusquam
714 3521 793 3563 vere
810 3504 870 3564 aut
888 3521 951 3586 pro
970 3520 1069 3586 posse
1087 3506 1258 3585 putemne.

258 3612 325 3678 Sed
344 3613 444 3678 modo
464 3612 667 3678 distinctum
686 3620 818 3679 tactum
837 3621 1051 3703 atangente,
1071 3637 1251 3681 reouwum

191 3735 234 3799 ’25
259 3730 290 3794 Α
309 3736 418 3813 reate,
437 3751 616 3815 nunquam
635 3729 765 3795 facient
783 3753 853 3796 non
873 3732 1076 3798 continuum
1095 3754 1167 3797 esse

258 3848 463 3913 Contactam
483 3846 521 3913 in
539 3858 684 3935 puncta,
704 3869 816 3933 neque
836 3848 1075 3935 contingentia
1093 3871 1227 3937 semper

259 3965 340 4029 Esse
361 3962 554 4050 sigissauna
575 3964 745 4049 siquidem
764 3972 799 4030 ct
817 3965 972 4030 subiecta
990 3964 1171 4050 negabunt

258 4079 363 4144 Phua
382 4079 611 4165 superiectum
630 4080 785 4167 pertingi
804 4102 903 4168 posse
920 4102 982 4167 per
1000 4102 1117 4145 unum.

258 4193 347 4258 Nam
367 4194 443 4278 quia
463 4195 637 4280 confinget
652 4196 839 4280 rationem,
859 4218 928 4282 qua
947 4194 1062 4260 minus
1080 4218 1153 4260 esse

266 4338 386 4346 ——....--
411 4342 420 4346 ..
438 4342 678 4349 ——..-.-.-.-.——
692 4345 716 4350 .-
860 4343 1035 4350 ..-.----

349 4429 365 4480 2
382 4428 581 4493 consignatum
595 4446 638 4479 aaa
652 4430 688 4494 cs.
702 4445 787 4495 sopra
798 4445 828 4494 p.
844 4430 905 4489 126,
923 4430 954 4478 19
