3428 5138
262 419 322 478 304
568 434 707 479 1011111
728 434 830 478 aavm
851 436 896 478 11
917 436 1055 497 rumne,
1075 437 1106 482 r.

262 588 318 653 Ad
336 610 492 656 normam
512 589 609 655 radio
629 589 811 655 discissum
830 597 882 655 est
902 598 1006 676 atque
1025 592 1203 677 reiectum,

260 704 464 771 Extremum
483 705 625 771 alterius
645 706 675 770 si
693 728 756 793 pro
776 713 894 772 centro
914 712 1088 774 statuatur

260 819 390 903 Unum,
411 828 515 907 atquc
535 844 555 886 a
573 821 707 906 reliquo
728 820 843 908 capiat
862 821 1029 888 distantia
1048 824 1173 910 legem3

260 934 310 1001 Ut
327 956 408 1000 mex
426 935 456 1001 si
476 943 634 1001 centrum
652 935 718 1002 hoe
737 942 855 1002 centro
876 938 1094 1025 componitur
1114 939 1180 1024 illi,

216 1056 236 1119 1)
260 1051 366 1117 istius
386 1057 539 1117 extremo
559 1052 689 1117 circum
709 1065 867 1119 currente
885 1054 1031 1119 recisum

260 1167 373 1245 Quam
393 1169 511 1235 deceat
530 1169 701 1255 reliquum
722 1169 814 1234 clara
833 1170 992 1236 videatur
1011 1173 1149 1238 amussi.

260 1287 312 1351 Ex
332 1307 402 1352 uno
421 1292 482 1352 aut
501 1285 606 1351 simili
626 1293 743 1352 centro
763 1307 845 1372 ergo
864 1287 1023 1352 examina
1042 1288 1155 1374 iniqui

260 1403 437 1489 Perfieies,
458 1404 589 1492 pariter
607 1403 656 1469 sie
672 1403 786 1491 primo
806 1411 957 1470 extrema
976 1407 1223 1494 propinquant.
1296 1404 1304 1417 ’

341 1644 441 1704 Maius
469 1643 507 1703 ad
535 1644 752 1721 aequalitatem
782 1665 850 1705 cum
879 1645 996 1705 minore
1025 1663 1172 1707 revocare
1203 1646 1312 1708 eedem
1343 1667 1403 1724 que

198 1771 240 1833 10
261 1760 398 1838 proxime
415 1778 508 1838 supra
525 1760 674 1839 principio
693 1760 903 1840 adtendimus,
922 1769 953 1822 et
970 1763 1191 1824 demonstratio
1206 1773 1307 1826 estex
1321 1765 1404 1826 axio·

260 1885 343 1938 mate
361 1885 515 1954 tamquam
533 1897 570 1936 ex
586 1876 698 1956 prime,
718 1886 750 1938 et
770 1898 808 1938 ex
830 1879 1019 1941 theoremate
1040 1887 1184 1958 tanquam
1206 1900 1244 1942 ex
1264 1882 1403 1961 proximo

262 1992 421 2072 principio.

727 2334 878 2400 earm*
914 2335 973 2399 lh'.

411 2549 545 2589 instinctor.
561 2548 636 2589 11111.
653 2549 829 2598 longitudinem
843 2550 892 2589 1111
907 2550 997 2590 latitud.
1013 2551 1062 2591 risu
1077 2552 1254 2601 comprehendo.

196 2821 236 2883 15
349 2809 395 2872 Et
414 2808 507 2873 fama
526 2814 560 2871 et
579 2806 669 2871 ratio
689 2812 740 2871 est
759 2807 864 2892 vulgo
883 2804 1092 2893 sophiaeque
1110 2814 1249 2895 recepta
1269 2815 1322 2873 est

259 2925 461 2990 Mende-cem
480 2924 623 2988 minime
642 2922 780 3008 quaudo
800 2922 971 2988 abstrahit
990 2946 1063 2988 esse
1082 2924 1268 3009 mathesin,

261 3041 404 3120 Quando
424 3039 518 3106 aliud
537 3045 676 3127 reputat
692 3039 824 3124 reliquo
844 3038 918 3104 sine
938 3039 1117 3126 concipe-ro
1136 3041 1173 3105 11
1190 3064 1312 3127 unum,

260 3161 370 3238 Quam
387 3160 557 3244 reliquum
576 3181 596 3223 a
616 3156 748 3241 reliquo
768 3156 970 3222 abiunctnm
990 3156 1039 3221 sic
1059 3156 1238 3245 concipere
1256 3148 1339 3225 esse.

259 3277 425 3342 Attamen
445 3274 619 3340 interdum
635 3274 770 3340 ratione
789 3274 967 3340 absolvero
985 3280 1125 3339 tentant

192 3405 236 3467 ‘20
261 3396 354 3475 Quae
374 3394 515 3482 physice
534 3393 699 3477 absolvit,
720 3393 844 3481 recipit
862 3394 1081 3479 resolutaque
1100 3415 1220 3459 sensus

259 3513 384 3581 Purius
404 3535 443 3578 ae
463 3511 598 3597 melius,
619 3511 765 3578 rationis
784 3512 965 3579 deficiente

259 3630 379 3696 Officio
399 3652 438 3696 ac
457 3629 584 3714 stadie,
605 3629 635 3694 si
654 3629 725 3695 fors
744 3652 816 3694 sese
835 3629 988 3716 applicat
1007 3629 1138 3695 iisdem.

258 3748 315 3812 An
334 3771 404 3813 nou
423 3746 595 3813 sensibilis
615 3746 744 3833 poterit
764 3745 932 3811 dimensio
951 3752 1090 3811 tuntum

258 3865 336 3931 Una
355 3887 427 3929 esse
447 3887 465 3928 a
485 3862 627 3947 reliquis
646 3885 785 3948 prorsus
804 3861 969 3926 distincta
989 3861 1146 3928 duabus?

191 3984 234 4047 ‘25
258 3981 345 4046 Nam
366 3981 492 4066 vuigus
510 3988 612 4067 putat
629 3980 719 4045 haue
738 3979 849 4066 ipsam
867 4000 938 4043 101
958 4001 1057 4064 posse
1075 3977 1186 4043 videri

258 4098 362 4180 (Dum
381 4096 477 4161 ridet
496 4096 642 4179 interea,
664 4096 744 4180 quia
764 4094 895 4160 scilieet
914 4104 994 4159 aute
1014 4094 1129 4160 oeulos
1149 4100 1232 4177 est),

258 4211 460 4296 Internique
480 4210 569 4275 oculi
589 4210 632 4275 ud
650 4210 763 4275 risum
783 4220 949 4296 spectare,
970 4232 1034 4296 epe
1053 4209 1150 4275 euius
1401 4228 1441 4288 p.
1461 4214 1561 4279 164

258 4327 437 4392 Abstrahit
460 4350 480 4391 a
499 4326 640 4412 reliquis
659 4326 758 4392 ratio.
778 4327 897 4412 Neque
917 4326 1026 4391 eredit
1046 4326 1082 4390 id
1101 4326 1215 4413 ipsum

258 4441 398 4508 Ass-ecla
418 4443 608 4531 Pyrrhonis
628 4444 765 4528 Sextus,
786 4444 951 4531 cogitatio
971 4442 1026 4509 eui
1045 4463 1115 4507 non
1376 4468 1401 4506 a
