3428 5138
511 441 666 489 surrovm
686 440 858 488 anvnasvs
880 439 1145 488 uarummmcos.
1361 425 1400 482 45

261 625 296 682 et
318 640 407 683 unus
430 617 587 704 angulus.
607 619 660 685 95.
685 617 952 704 Triangulcrum
980 616 1235 705 sphaericorum
1259 615 1402 681 scientia

262 748 299 812 in
318 770 358 813 ea
377 771 464 833 quac
483 754 535 813 est
554 747 596 813 de
614 747 802 813 rectilineis
830 747 1042 834 implicatur,
1068 744 1283 811 considerato
1311 742 1403 828 quod

260 899 359 942 arcus
377 899 439 963 per
458 875 601 944 chordas
621 875 848 960 definiuntur,
869 883 904 940 et
923 875 1123 941 subtcnsum
1144 880 1247 958 atque
1266 871 1405 936 subten-

260 1005 344 1070 dens
364 1012 483 1070 mutuo
503 1011 585 1069 sunt
603 1025 773 1070 mensura.

652 1234 933 1312 MEMBRVM
961 1234 1010 1308 X.

753 1429 845 1496 Orvs
868 1431 921 1496 35.

349 1600 527 1678 Quomodo
561 1600 776 1686 triangulum
810 1599 993 1666 minimum
1029 1599 1244 1685 intelligam?
1279 1600 1331 1664 Ex
1363 1597 1406 1664 iis

262 1754 348 1816 quae
367 1730 409 1795 de
428 1729 572 1795 minimo
591 1728 685 1793 dicta
708 1734 798 1794 sunt.
819 1729 871 1792 36.
892 1729 941 1794 Ut
960 1727 1156 1814 triangulus
1175 1727 1406 1811 aequilaterus

261 1880 302 1921 ex
321 1856 403 1922 data
423 1856 515 1922 linea
534 1853 779 1922 constituitur?
799 1855 921 1919 Mutuo
945 1859 1174 1920 extremorum
1198 1861 1406 1942 punctorum

196 1988 238 2051 10
262 1983 488 2050 circumfluxu
507 1983 551 2071 Θ
570 1983 602 2047 Α
618 1989 653 2048 et
667 1982 698 2046 B
715 1981 752 2047 in
768 1987 937 2069 punctum
952 1982 989 2047 (l.
1005 1983 1059 2048 37.
1078 1983 1128 2050 Ut
1146 1982 1275 2071 migrat
1293 1982 1405 2071 dupli-

262 2118 358 2179 catus
381 2112 419 2177 in
442 2109 646 2177 rhombum?
671 2108 709 2173 Si
735 2109 768 2173 A
797 2115 832 2174 et
861 2109 892 2173 B
920 2107 1066 2174 subinde
1096 2108 1337 2175 circumfluant
1367 2110 1405 2176 in

261 2245 430 2325 punctum
443 2236 485 2301 D.
505 2236 557 2300 38.
570 2235 620 2302 Ut
638 2234 743 2321 triplo
762 2233 947 2300 maiorem?
964 2233 1092 2300 Positis
1110 2235 1239 2301 centris
1258 2234 1285 2300 O
1305 2243 1340 2301 et
1358 2237 1403 2320 D,

261 2364 425 2449 quolrum
441 2364 532 2430 circa
548 2362 696 2428 alterum
708 2363 753 2447 A,
766 2362 855 2428 circa
872 2364 1018 2428 alterum
1033 2385 1115 2428 vero
1127 2363 1157 2428 B
1169 2363 1400 2449 circumfluat;
1426 2375 1456 2437 d
1474 2377 1524 2439 5²

261 2512 408 2575 moxque
427 2489 522 2555 fluxu
542 2488 604 2553 CA
621 2487 789 2576 producto
808 2489 845 2552 in
865 2488 897 2552 G
916 2495 951 2553 et
969 2488 1027 2553 OB
1042 2489 1080 2554 in
1097 2490 1142 2574 H,
1159 2489 1214 2554 vel
1231 2489 1297 2554 ΘΑ
1314 2491 1350 2556 iu
1367 2490 1403 2576 Ο,

196 2621 237 2686 1ὗ
260 2619 326 2684 ΗΒ
346 2618 383 2684 in
400 2618 437 2683 O.
457 2620 509 2684 39.
529 2619 579 2684 Ut
594 2617 809 2702 triangulum
825 2616 995 2681 extribus
1011 2615 1102 2683 datis
1118 2616 1219 2682 lineis
1236 2617 1403 2684 efficiam?

261 2745 298 2810 Si
317 2743 549 2830 aequilaterus
566 2743 602 2808 in
616 2765 686 2808 una
702 2741 847 2807 duorum
867 2741 1073 2808 circulorum
1091 2743 1227 2830 aequali
1247 2743 1406 2811 dimidia-

260 2878 370 2936 metro
387 2872 430 2959 O
444 2870 508 2935 AB
528 2869 693 2957 capiatur.
714 2868 752 2934 Si
771 2868 1005 2955 aequicrurus,
1027 2869 1218 2957 inaequalis
1237 2872 1329 2937 ultra
1349 2873 1404 2939 vel

260 2999 353 3064 infra
373 3004 530 3063 centrum
550 2996 707 3084 capiatur
726 2995 867 3080 ibidem,
884 3003 945 3061 aut
965 2996 1084 3083 iniquo
1100 2996 1208 3064 latere
1224 2999 1268 3064 ad
1285 2999 1406 3066 circuli

260 3122 492 3210 peripheriam
507 3120 780 3205 adcommodata,
794 3120 890 3188 cuius
907 3120 1160 3189 semidiameter
1171 3122 1233 3188 uni
1246 3123 1406 3191 datorum

193 3257 239 3321 20
262 3250 412 3316 crurium
437 3256 489 3315 est
512 3248 680 3334 aequalis,
703 3256 742 3314 ut
765 3256 862 3336 patet
885 3249 922 3314 in
946 3248 1047 3314 CNE.
1067 3248 1105 3314 Si
1123 3250 1302 3336 gradatus,
1322 3260 1407 3319 tunc

262 3401 303 3443 ex
322 3377 445 3443 maiori
464 3376 718 3442 semidiametro
738 3375 784 3441 sit
800 3375 960 3460 circulus,
971 3375 1090 3462 illique
1108 3379 1345 3446 concentricus
1364 3402 1406 3446 ex

261 3505 387 3590 media,
403 3513 438 3571 et
448 3503 549 3570 facile
566 3502 862 3570 circumferentiae
878 3503 1052 3569 interioris
1067 3502 1134 3570 duo
1150 3504 1282 3591 reliqua
1297 3506 1406 3572 latera

263 3631 544 3718 applicabuntur,
569 3636 608 3695 ut
632 3652 674 3694 ex
696 3629 755 3695 cM
777 3627 848 3695 MA
875 3629 931 3695 Ao
958 3636 1010 3694 est
1033 3627 1135 3694 AMa.
1158 3630 1212 3695 40.
1232 3630 1281 3697 Ut
1300 3631 1407 3697 trian-

262 3759 381 3844 gulum
400 3757 640 3844 rectangulum
659 3756 696 3821 in
715 3756 891 3821 infinitum
915 3777 1017 3843 super
1047 3755 1164 3821 eadem
1191 3763 1285 3823 recta
1314 3759 1406 3825 linea

196 3881 239 3945 25
263 3886 425 3952 variabu?
446 3885 484 3950 Si
503 3885 549 3951 sit
573 3885 632 3950 illa
652 3884 859 3951 semicirculi
877 3886 1060 3970 terminus;
1080 3894 1120 3953 ut
1141 3889 1180 3975 3)
1201 3912 1304 3977 super
1322 3890 1405 3975 GK,

263 4010 410 4097 angulus
434 4011 551 4096 GHK,
576 4011 658 4077 item
684 4011 780 4076 GIK.
804 4014 858 4077 41.
878 4012 927 4079 Ut
946 4013 1122 4100 triangula
1145 4016 1332 4082 secundum
1357 4017 1407 4083 in-

263 4136 379 4202 finitas
394 4136 563 4203 linearum
582 4136 709 4203 formas
733 4144 847 4203 stante
876 4159 976 4204 areae
1005 4138 1213 4225 aequalitate
1242 4142 1405 4210 variabo?

264 4263 302 4329 Si
320 4271 486 4350 perpetuo
505 4286 607 4351 super
626 4263 826 4349 aequalibus
844 4265 985 4331 basibus
1010 4265 1101 4332 infra
1131 4267 1266 4333 easdem
1295 4270 1407 4356 paral·

340 4416 356 4472 6
371 4414 557 4468 nururuzioue
567 4379 700 4482 riparium·
713 4379 860 4484 cabad-2,
875 4420 906 4470 10
970 4419 1000 4469 14
1016 4382 1251 4486 producto-inu
1293 4384 1402 4479 velGli
