3428 5138
347 388 407 446 264
640 403 780 449 roncum
801 403 902 448 unum
924 405 968 448 nn
988 406 1124 468 ununo,
1147 407 1194 450 111.

347 556 413 620 Per
432 563 580 641 quatuor
597 579 702 643 gyros
720 557 867 642 visibile,
888 566 970 624 note
990 560 1092 626 unius
1112 584 1181 626 una
1200 567 1252 627 est

347 671 517 761 Septima,
538 674 720 741 dimidium
739 675 848 766 partis
868 676 924 744 cui
943 676 1045 746 unius
1064 677 1180 747 addas.
1493 686 1536 749 p.
1552 670 1653 735 125

748 2246 812 2288 Alius
827 2246 905 2287 modus
919 2246 974 2287 data
990 2247 1087 2287 tellone.

345 2447 444 2512 Istud
463 2446 553 2512 idem
573 2446 661 2533 cycli
680 2446 810 2532 poteris
830 2444 1075 2532 comprendere
1093 2449 1195 2530 perte

301 2567 322 2630 5
345 2563 388 2629 ln
407 2570 475 2628 tres
494 2564 549 2628 vel
569 2563 790 2648 quatuorve]
810 2562 933 2647 quinas
953 2584 1056 2648 quem
1075 2560 1223 2627 secuisse

346 2678 524 2745 Collubuit
542 2686 669 2766 partes,
691 2678 759 2744 elio
778 2700 965 2744 numercve
982 2677 1119 2765 petisse.

305 2831 306 2838 κ
346 2794 436 2860 Nem
454 2794 536 2860 licet
554 2795 599 2860 ad
617 2817 736 2861 sensus
755 2794 938 2859 minimum
956 2794 1162 2860 descendere
1182 2798 1355 2879 quotquot

344 2911 388 2975 In
406 2917 522 2998 partes
540 2911 659 2977 lubeat
677 2911 857 2997 cyclumve
875 2933 1036 2976 ercurnve
1056 2910 1253 2992 subactum,

347 3025 446 3105 Quod
464 3027 515 3092 rei
531 3034 648 3092 temen
667 3026 711 3092 ad
729 3026 926 3111 minimum,
947 3050 1015 3112 quc
1034 3027 1171 3114 regulet
1190 3026 1303 3110 illum,
1462 3051 1489 3091 2⁵

281 3148 322 3211 10
345 3143 392 3207 Et
410 3150 567 3208 centrum
586 3148 621 3208 et
639 3151 774 3209 atomus
795 3166 881 3229 quae
900 3144 1004 3230 plana
1024 3151 1075 3209 est
1094 3165 1173 3209 aree
1193 3143 1309 3227 certis,

344 3259 460 3325 Radix
479 3266 531 3343 (ut
549 3260 681 3326 dictum
700 3266 764 3343 est)
783 3262 924 3349 proprie
943 3270 995 3328 est
1014 3262 1168 3328 senarius
1188 3262 1252 3327 illi.

345 3376 562 3464 Quapropter
580 3401 679 3444 senas
698 3378 736 3443 in
753 3384 870 3465 partes
886 3384 991 3464 atque
1010 3379 1160 3444 tricenas

345 3492 531 3558 Scindetur
550 3493 638 3579 cycli
658 3501 808 3577 sextans,
830 3516 914 3579 ques
935 3495 1048 3561 dicere
1066 3496 1197 3583 primes

344 3612 423 3676 Iure
442 3619 552 3698 polee,
573 3612 698 3697 quibus
717 3612 870 3698 aequalis
889 3613 1111 3679 subtenditur
1130 3638 1199 3679 une
1460 3640 1488 3678 eo

279 3729 321 3792 15
344 3728 400 3793 Ad
420 3737 576 3794 centrum
595 3735 630 3792 et
647 3729 757 3794 veluti
775 3729 984 3814 triquetrum
1003 3731 1211 3798 monstravit
1230 3729 1401 3797 Arachnis
1486 3741 1527 3803 1)-
1543 3730 1645 3794 126

345 3845 460 3910 Partis
479 3845 522 3911 ad
542 3852 732 3912 extremum
751 3846 912 3912 minimas
931 3846 1101 3932 inquirito
1120 3855 1247 3935 partes.

821 4085 912 4126 'rcrtlus
927 4087 1013 4127 modus.

346 4286 418 4352 Aut
436 4293 619 4374 postquem
638 4285 719 4351 (late
738 4309 818 4373 pers
837 4293 950 4352 totum
969 4294 1021 4352 est
1040 4287 1187 4353 deducta
1206 4313 1268 4375 per
1287 4292 1419 4374 orbem,

346 4405 417 4470 Nec
437 4411 553 4469 temen
572 4412 719 4491 aequato
738 4428 865 4494 gyrum
882 4428 961 4472 cum
979 4404 1090 4472 limite
1110 4404 1252 4493 claudit,
