3428 5138
624 453 669 498 DE
691 451 897 500 INVENTIONE
918 454 1040 500 unum.

259 606 326 673 Sed
345 615 459 676 tractu
479 616 618 698 superet
637 632 707 676 non
727 617 821 675 certo
839 610 895 676 vel
914 617 1112 698 superatur,

257 725 422 792 Partibus
441 725 624 814 adscriptis
643 726 710 792 tibi
727 725 897 813 plectrum
917 725 978 792 fiat
996 728 1182 811 Arachnis‚

258 841 323 908 Oui
341 844 432 908 letus
449 842 542 909 haud
560 843 671 908 maius
690 844 770 930 gyri
789 843 886 909 radio
906 851 1016 925 exeet;
1039 851 1142 929 atque
1161 844 1219 909 hic

257 959 367 1045 Iunge
385 960 586 1046 parallelum
604 959 726 1047 primis
744 959 782 1024 in
801 959 942 1047 cuspide
960 967 1109 1046 partem,

212 1074 233 1138 5
256 1075 343 1141 Inde
361 1076 497 1142 minute
516 1075 582 1142 tibi
599 1076 743 1141 veniant
762 1077 891 1142 clarata
909 1077 1059 1142 secunda

257 1189 345 1256 Cum
364 1191 520 1277 reliquis,
540 1191 650 1257 veluti
667 1191 838 1280 plectrum
855 1192 1027 1281 perquirit
1045 1191 1226 1258 Arachnis.
1373 1222 1400 1260 40

328 2924 453 2983 Partem
481 2923 585 2983 circuli
612 2944 673 2983 non
699 2923 772 2984 data
797 2923 929 3000 ratione,
958 2923 1014 2984 sed
1040 2922 1223 3002 simpliciter
1255 2925 1392 2985 iudicare

250 3049 343 3119 quotu
359 3041 400 3102 sit
416 3043 512 3102 totius
535 3044 582 3122 (ut
599 3041 724 3104 definite
742 3050 774 3103 et
789 3044 931 3105 absolute
949 3042 1092 3104 definitus
1115 3050 1164 3105 est
1179 3042 1389 3104 semicirculus

249 3178 304 3219 seu
323 3160 485 3239 medietas,
505 3170 589 3221 totus
610 3161 779 3239 quadram,
802 3171 927 3223 sextans
945 3170 1017 3240 etc,
1036 3181 1113 3238 quae
1134 3181 1193 3220 non
1215 3181 1253 3222 ex
1270 3161 1393 3221 inst'tu-

182 3283 226 3346 10
248 3277 339 3353 tione,
353 3276 408 3338 sed
419 3278 456 3336 ab
467 3277 632 3338 intrinseco
644 3278 689 3339 rei
703 3278 876 3359 capiuntur)
890 3278 1053 3358 tripliciter
1063 3277 1182 3339 accidit.
1190 3278 1294 3338 Primo
1305 3276 1390 3337 nulle

248 3394 405 3455 substratu
421 3412 562 3455 mensura
579 3394 635 3456 sed
652 3394 784 3474 simplici
797 3396 895 3473 partis
912 3395 1108 3471 deductione
1128 3396 1133 3476 1
1160 3394 1295 3456 secundo
1316 3393 1385 3473 ipso
1400 3393 1549 3468 1212?

247 3512 286 3573 de
310 3514 448 3593 pertibus
465 3514 651 3576 intrinsecus
672 3514 798 3576 definito
820 3515 948 3593 circulo;
967 3516 1058 3577 tertio
1077 3515 1115 3575 de
1130 3515 1254 3576 residuo
1271 3515 1310 3574 ab
1327 3535 1387 3575 uua

246 3632 344 3712 partis
371 3632 461 3693 datae
488 3634 518 3694 in
545 3654 654 3712 gyrum
678 3633 870 3696 deductione.
899 3634 1057 3711 Contingit
1078 3642 1181 3694 cutem
1198 3652 1386 3711 quacumque

245 3749 318 3810 data
333 3751 452 3810 ratione
473 3750 613 3811 dividere
635 3752 674 3810 ad
701 3750 824 3811 minime
841 3770 963 3829 sensus,
983 3770 1042 3810 non
1059 3758 1161 3810 autem
1179 3748 1238 3828 rei,
1256 3749 1308 3808 ubi
1326 3767 1387 3808 non

181 3864 222 3929 15
246 3876 295 3928 cst
312 3866 413 3926 denda
426 3866 504 3928 ratic
522 3887 560 3928 ex
572 3866 677 3929 radice
693 3869 817 3930 senarii.

340 4083 369 4131 11
386 4079 516 4146 simplice
580 4082 610 4131 13
627 4080 770 4145 contingii
834 4080 865 4130 15
882 4079 1005 4130 redicem

376 4566 579 4618 Bnur101›p.lct.
597 4566 617 4614 1,
635 4568 656 4606 3.
