3428 5138
444 442 489 487 nu
510 441 687 489 eumenus
708 442 886 488 unusvnuu
907 446 950 490 nr
971 446 1127 492 movsen.
1298 435 1357 493 279

214 598 366 687 Duplex,
386 598 468 664 hine
486 598 662 664 Charitem
681 599 796 665 visens
815 600 981 687 illincque
1000 602 1158 669 Dianam.
1331 633 1357 673 aa

213 715 418 781 consimiles
437 715 578 803 proprio
598 715 753 781 Bacchus
772 715 838 782 sibi
858 717 980 804 dirigit
999 719 1090 784 orbe.

662 1072 815 1139 OAPVT
848 1073 907 1138 IV.

638 1293 735 1333 fabrica
750 1292 804 1333 atrii
819 1293 927 1333 Pulsus.

166 1554 187 1617 ὗ
302 1566 568 1652 Succeduntque
586 1567 661 1632 leco
681 1565 842 1632 sublimia
861 1566 991 1653 templa
1010 1567 1160 1633 seeundo

210 1682 376 1766 Palladis,
396 1682 472 1748 heic
490 1681 550 1748 ubi
569 1682 684 1769 prima
702 1679 796 1748 Iovis
814 1681 1009 1748 nutrimina
1027 1683 1162 1770 profert

211 1800 317 1866 Dives
337 1798 533 1882 Amalthea,
554 1805 588 1864 et
607 1797 697 1864 hane
716 1797 862 1864 Bacchis
881 1804 1001 1864 sancta
1021 1799 1178 1888 sacerdos

213 1915 373 1982 Protensi
391 1914 480 1982 radii
499 1937 622 1981 norme
640 1914 862 1998 circumfluit,
883 1914 989 2000 inque

210 2034 374 2099 Lustrate
394 2031 522 2119 reperit
540 2053 628 2119 gyro
648 2052 708 2095 sex
724 2029 819 2117 pieta
839 2030 976 2110 sacella-3
1346 2060 1359 2098 a

147 2141 188 2204 10
211 2149 342 2235 Nempe
361 2146 427 2213 sibi
446 2146 611 2234 primum,
632 2145 748 2211 Cereri
767 2152 988 2232 erectumque
1007 2146 1212 2230 seeundum,

211 2264 342 2331 Ordine
361 2263 442 2330 dein
459 2263 573 2351 posita
593 2269 627 2329 et
645 2263 750 2351 parili
769 2262 968 2329 discrimine
987 2263 1119 2330 distent

210 2381 377 2468 Dolopeia
396 2387 431 2444 et
451 2379 681 2468 Euphrosyne
700 2387 735 2445 et
754 2380 859 2446 Flora
878 2386 913 2445 et
932 2379 1086 2446 Galatea.

210 2497 295 2563 Inde
315 2497 372 2562 via
391 2502 443 2562 est
462 2496 611 2581 iungens
630 2494 766 2561 Cereris
785 2518 881 2562 sacra
900 2503 935 2561 et
955 2495 1119 2562 Galateae

209 2614 302 2699 Una,
323 2636 362 2678 ae
382 2612 557 2679 connectit
576 2612 716 2680 Floram
735 2610 844 2678 altere
863 2611 1064 2700 De'iopeiae,
1330 2642 1354 2680 ιο

145 2719 187 2785 15
212 2730 303 2809 Quas
322 2736 415 2795 secat
433 2729 704 2816 Euphrosynen,
725 2750 792 2815 qua
808 2734 901 2794 recta
920 2726 1065 2794 Bacchis
1081 2727 1205 2813 adiret,

210 2846 364 2932 Heicque
383 2845 444 2911 ubi
463 2844 610 2911 dissecta
630 2851 681 2911 est
699 2844 835 2911 Cereris
854 2844 912 2911 via
931 2844 1084 2911 cernitur
1102 2845 1214 2932 Hebe,
1299 2896 1303 2902 .

210 2962 326 3046 Atque
345 2961 405 3028 ubi
424 2960 571 3027 Floralis
590 2960 648 3026 via
667 2960 836 3026 scinditur
855 2961 893 3027 Ie
912 2960 1058 3027 videtur.

210 3078 311 3143 Circa
330 3077 453 3142 Heben
472 3076 630 3160 Bacchis,
650 3077 741 3142 eirea
759 3077 905 3163 Iumque
924 3076 1154 3164 Euphrosyne
1172 3077 1248 3144 ibit.

210 3195 278 3259 Per
297 3201 444 3279 quatuor
463 3192 611 3280 duplicis
631 3193 738 3259 nodos
756 3193 850 3279 gyri.
870 3193 996 3279 quibus
1015 3194 1117 3260 ambo
1329 3190 1513 3266 raP·140

144 3310 189 3374 20
212 3311 272 3376 Bis
291 3310 430 3376 findunt
447 3311 604 3396 geminas
623 3310 809 3397 productas
829 3318 909 3376 ante
927 3311 1074 3398 plateae,

211 3427 303 3492 Bina
320 3449 382 3514 per
401 3426 607 3492 immensum
626 3426 684 3491 via
702 3433 869 3510 transeat,
889 3426 994 3512 inque
1013 3427 1171 3514 supernis

211 3542 421 3609 Cardinibus
440 3541 545 3628 rigidi
564 3542 645 3607 hinc
665 3564 794 3607 numen
812 3549 968 3629 spectate
988 3542 1158 3632 Thyonei,

211 3660 298 3725 Inde
316 3659 463 3747 puellari
482 3681 553 3725 nen
572 3659 664 3724 ultra
683 3680 797 3724 erroro
815 3658 975 3745 fugacem

212 3777 340 3858 Leton,
361 3776 402 3841 de
420 3774 636 3861 geminisque
655 3775 800 3841 infernis
820 3774 967 3841 candida
985 3775 1077 3841 Maia
1328 3807 1354 3845 ee
1409 3767 1412 3772 ’

144 3892 188 3957 25
212 3893 314 3959 Hunc
333 3901 442 3976 tenet,
461 3892 604 3958 adverso
624 3900 674 3958 est
694 3892 730 3957 in
751 3891 889 3957 cardine
908 3891 1014 3957 Naias
1034 3890 1120 3976 illic,

212 4009 321 4075 Deine
340 4009 454 4074 Hebes
474 4016 644 4094 quantum
663 4007 744 4073 hino
763 4007 908 4073 distabit
928 4007 971 4072 ab
991 4030 1048 4073 ore
1067 4008 1213 4074 'Phienei

212 4126 362 4190 Tantum
382 4125 453 4211 Ops
472 4124 516 4190 ad
534 4126 647 4191 Leton
667 4124 813 4191 diet-abit
831 4125 875 4190 ab
895 4147 952 4191 oro
971 4125 1141 4210 Thyonei,

989 4300 1353 4310 ——.-——.-——

319 4405 350 4454 12
375 4404 528 4470 Deicopoia
616 4405 721 4455 12213
748 4404 889 4455 Galatliea
909 4421 922 4455 e
944 4404 1100 4457 Galatheao
1189 4409 1219 4455 le
1243 4406 1353 4459 (lisceto

210 4485 250 4534 22.
264 4485 297 4534 m
309 4491 355 4534 etc.
374 4483 495 4535 Tbiouoi
557 4484 589 4534 27
607 4484 720 4535 Lethen
