3428 5138
253 411 313 469 294
552 423 691 469 rounam
711 422 813 467 navru
834 422 878 465 nn
898 421 1034 481 ummo,
1056 420 1099 465 ru.

253 580 379 665 Arcus,
400 602 467 666 quo
486 580 642 646 Charites
661 580 802 646 abstant
820 601 840 645 a
859 578 979 645 limine
997 577 1140 663 Bacchi,

254 697 404 785 Cuspide
422 697 476 762 bis
495 704 593 763 terna
608 697 792 784 inscripta,
812 704 864 763 est
883 718 1043 763 mensura
1061 696 1209 781 figurae,

255 814 322 879 Sed
340 813 501 902 proprius
519 813 599 901 gyri
618 812 806 901 repetentis
823 811 947 878 limina
965 810 1104 877 Bacchi.

783 1085 874 1132 PARS.

211 1281 231 1343 5
256 1281 294 1348 Si
313 1288 405 1348 recta
424 1287 459 1346 et
477 1302 576 1348 arcus
595 1278 707 1368 prima
725 1301 789 1367 pro
807 1284 906 1365 parte
924 1277 1111 1359 venibunt,

255 1399 367 1464 Arcus
386 1420 456 1463 non
474 1397 608 1484 patitur
626 1393 811 1461 curvedine
830 1392 1070 1475 differitatem;

255 1513 304 1578 At
322 1520 435 1580 rectae
454 1519 488 1579 et
508 1535 633 1579 curvae
651 1517 703 1577 est
719 1510 802 1577 hinc
820 1509 969 1595 indeque
987 1509 1156 1575 terminus
1175 1531 1275 1575 unua.

255 1631 334 1696 Non
352 1630 402 1697 ita
421 1631 506 1696 siin
525 1636 640 1718 partes
660 1628 796 1716 capitur
814 1626 999 1693 resecabile
1017 1631 1220 1711 utrumque3
1269 1626 1272 1630 ’

256 1747 443 1833 Nunquam
462 1746 591 1812 etenim
609 1745 702 1833 parti
721 1749 801 1835 pars
820 1742 1043 1831 respondebit
1062 1764 1194 1826 eorum,
1374 1771 1400 1807 ιο

192 1860 234 1923 10
256 1861 434 1950 Principia
452 1862 537 1928 haec
556 1866 728 1928 monstrat
745 1858 883 1925 minimi
899 1867 934 1924 et
951 1858 1066 1924 finitio
1084 1859 1205 1945 partis.

754 2133 903 2178 Banasrl.

255 2339 311 2405 Ad
330 2338 486 2405 Charites
504 2337 562 2404 via
581 2360 668 2424 quae
687 2337 866 2404 contendit
884 2338 928 2403 ab
948 2359 1025 2403 arce
1045 2336 1180 2402 Dianae

255 2456 348 2521 Huic
367 2477 475 2541 aequa
494 2461 558 2538 est,
577 2477 760 2542 perquam
779 2455 931 2540 Erigone
949 2453 1047 2521 venit
1065 2453 1108 2519 ad
1128 2452 1383 2540 Ganymedem

257 2570 351 2649 Quae
370 2571 533 2656 quoniam
552 2569 648 2636 radio
668 2576 806 2658 aparte
825 2571 952 2636 absunt
971 2569 1184 2636 dimetientis

191 2685 233 2747 15
256 2685 450 2769 Consimili,
469 2685 549 2751 iude
568 2708 668 2752 arcus
686 2685 828 2772 patefiet
846 2692 880 2751 et
899 2686 1047 2773 angulus
1066 2707 1204 2770 aequus.
1375 2713 1400 2752 a

257 2801 359 2889 Aptis
379 2807 652 2868 commonstrant
671 2801 780 2889 signis
799 2803 943 2868 Hermes
962 2810 996 2867 et
1015 2802 1187 2889 Amyntas

257 2919 303 2983 Et
321 2918 463 3004 Pyladis
482 2941 601 2984 sensus
620 2917 978 3007 circumspectamque
997 2919 1156 2984 Pericles.

730 3196 927 3242 cacanum.

257 3382 471 3448 Chremetem
490 3390 688 3451 monstrant
707 3407 794 3471 quae
812 3393 1048 3453 monstravere
1067 3387 1259 3453 Berastum.

191 3644 237 3707 20
768 3659 892 3704 nravnr.

259 3852 424 3920 Conferto
443 3853 600 3920 semitam
620 3853 753 3921 Chariti
772 3878 839 3940 qua
858 3855 1019 3943 iungitur
1037 3857 1089 3924 illi

261 3971 335 4049 Qua
355 3971 506 4057 Erigone
524 3972 652 4037 blando
668 3972 819 4037 decurrit
837 3996 900 4060 pro
919 3973 1141 4062 Ganymede;
1376 4008 1402 4049 ρο

260 4086 349 4150 Dein
370 4108 457 4172 quae
475 4086 690 4153 Chremetem
707 4095 944 4155 monstrarunt
960 4097 1064 4176 atque
1083 4092 1265 4157 Berastum

260 4201 428 4268 Perfacile
447 4209 482 4268 et
500 4226 639 4269 sensum
656 4210 822 4292 poterunt
840 4207 976 4272 firmare
994 4206 1123 4273 Diauli.

353 4447 384 4494 19
400 4448 579 4496 cremantem
642 4447 674 4496 2³
692 4448 835 4499 Boriatum
