3428 5138
607 439 652 485 DE
673 438 876 487 [averrione
896 441 1020 489 ulrum.

243 593 294 659 Ac
314 593 409 658 noris
429 600 560 679 quanta
579 599 631 658 est
650 617 692 658 ex
710 593 831 659 iisdem
850 596 1008 682 partibus
1027 619 1111 681 una,

242 709 387 776 Residui
406 709 590 776 manifesta
606 711 702 776 venit
722 734 883 777 mensura
902 711 1069 799 profecto.

245 826 462 915 Quapropter
480 827 630 893 nihilum
649 827 782 912 differt,
802 851 887 893 num
907 852 942 894 se
961 828 1091 893 indicet
1110 827 1186 914 ipsa

243 944 329 1009 Pars
349 943 475 1027 minor,
495 950 555 1009 aut
573 943 692 1010 veniat
711 945 851 1010 maioris
870 945 989 1032 pervia
1009 945 1132 1010 ductae

199 1065 220 1128 5
244 1057 446 1140 Subtractu3
468 1059 633 1145 quoniam
652 1066 744 1125 certa
764 1067 815 1126 est
834 1060 981 1127 adiectio
1001 1068 1131 1127 certam
1362 1088 1388 1126 aa

243 1175 365 1240 'Potius
385 1174 428 1240 ad
446 1181 596 1262 partem,
616 1180 651 1241 et
670 1182 800 1262 quanta
818 1183 871 1242 est
889 1176 1080 1242 subtractio
1101 1175 1179 1243 toti.

324 1368 367 1428 Ut
384 1367 512 1444 colligas
529 1376 623 1444 quota
640 1367 682 1429 sit
698 1368 793 1428 totius
809 1388 1016 1446 quaecumque
1030 1389 1103 1448 pare
1117 1368 1147 1427 iu
1160 1375 1246 1429 recta
1261 1376 1388 1430 ostensa

245 1483 338 1560 linea,
356 1502 434 1558 quae
462 1490 529 1542 tota
555 1484 679 1562 ponitur
704 1486 865 1560 sexaginta
892 1486 943 1546 vel
969 1485 1129 1545 duodecim
1148 1483 1302 1564 partium?
1324 1486 1387 1545 Pro

243 1599 419 1661 immediato
441 1600 604 1680 principio,
622 1602 703 1663 unde
725 1603 913 1682 operationis
928 1605 1145 1680 subsequentis
1165 1603 1387 1665 demonstratio

180 1722 221 1785 10
245 1715 410 1792 colligitur,
430 1722 478 1776 est
498 1716 663 1778 notandum
679 1716 724 1778 ita
751 1738 785 1779 se
811 1718 925 1781 habere
951 1719 1119 1796 quamlibet
1146 1719 1244 1799 partis
1272 1719 1386 1799 primae

245 1840 363 1910 partem
378 1832 416 1892 ad
432 1840 529 1893 totam
544 1842 662 1912 partem
677 1835 819 1913 primam,
836 1835 916 1895 sicut
930 1835 1029 1915 prima
1041 1855 1115 1914 pars
1131 1836 1169 1895 ad
1185 1843 1296 1912 totum;
1313 1835 1386 1895 item

244 1947 289 2007 sic
305 1948 473 2024 quamlibet
489 1950 643 2010 secundae
661 1950 759 2028 partis
776 1957 894 2030 partem
915 1952 1006 2030 (quae
1027 1958 1076 2012 est
1097 1951 1203 2029 tertia)
1226 1950 1265 2011 ad
1287 1958 1384 2011 totam

244 2062 407 2122 secundam
429 2072 563 2144 partem,
582 2065 662 2126 sicut
675 2072 741 2125 tota
756 2066 890 2127 secunda
906 2087 979 2145 pars
993 2086 1026 2127 se
1041 2066 1136 2127 habet
1152 2065 1191 2126 ad
1209 2065 1339 2145 primam
1355 2073 1387 2127 et

244 2179 342 2257 prima
357 2180 396 2241 ad
411 2187 517 2243 totum.
536 2181 652 2241 Eadem
666 2182 745 2243 ratio
760 2190 809 2244 est
823 2183 861 2243 de
877 2183 1005 2261 quartis,
1021 2182 1145 2261 quintis,
1161 2183 1257 2243 sextis
1272 2190 1305 2242 et
1318 2182 1388 2243 aliis

180 2300 221 2364 15
246 2295 393 2376 deinceps
410 2298 542 2377 partium
560 2297 709 2376 partibus.
725 2299 815 2359 Unde
832 2305 919 2378 patet
934 2299 965 2359 in
981 2299 1062 2360 linea
1079 2298 1241 2359 duodecim
1255 2299 1389 2376 partium

245 2432 334 2472 unam
353 2420 472 2491 partem
496 2433 564 2474 esse
583 2413 743 2474 duodecim
766 2415 900 2492 vicibus,
919 2416 984 2477 aius
1009 2416 1207 2477 medietatem
1228 2415 1337 2492 viginti
1356 2421 1388 2473 et

244 2536 375 2605 quatuor
396 2528 531 2606 vicione,
549 2529 615 2590 eius
633 2530 757 2591 tertiam
774 2531 902 2608 triginta
919 2539 950 2594 et
968 2552 1023 2593 sex
1040 2532 1172 2609 vicibus„
1191 2538 1223 2591 et
1244 2531 1289 2590 ita
1306 2529 1389 2589 dein·

245 2664 327 2723 ceps.
341 2645 424 2722 Ergo
436 2645 463 2704 si
474 2644 631 2706 indefinite
643 2653 885 2723 quantacumque
896 2668 968 2727 pars
980 2648 1148 2728 accipiatur
1161 2646 1250 2707 unius
1261 2647 1387 2726 primae,

630 2857 802 2902 PLEG'I'RVM
822 2858 1016 2904 ntoanlmru.

176 4007 221 4072 20
243 4004 286 4064 ita
303 4003 434 4082 simplex
452 4004 501 4065 vol
521 4005 560 4085 (si
579 4004 673 4065 fuerit
690 4007 780 4085 opus)
799 4006 954 4086 duplicata
977 4017 1029 4068 aut
1046 4009 1214 4086 triplicata,
1232 4028 1310 4086 quae
1328 4028 1384 4087 per

243 4120 343 4181 lineae
358 4121 454 4180 totius
471 4119 692 4198 longitudinem
711 4122 874 4184 duodecies
892 4124 1069 4201 deducatur,
1085 4133 1120 4184 ut
1136 4143 1208 4204 pars
1222 4124 1275 4183 BC
1290 4143 1383 4203 super

242 4248 327 4299 recle
341 4239 442 4300 diuisa
460 4240 529 4318 AB,
551 4242 636 4303 cuius
662 4244 778 4319 primae
796 4252 900 4322 partes
926 4253 998 4304 sunt
1026 4244 1083 4304 ΡΑ
1108 4244 1167 4304 AR
1189 4244 1243 4304 ΒΤ
1269 4253 1326 4305 etc.
1349 4245 1382 4305 Si

246 4380 385 4390 ——-

334 4452 351 4502 8
366 4467 461 4500 aranea
477 4449 495 4498 ζ’
506 4450 699 4518 interroyutiro
