<?xml version="1.0" encoding="UTF-8"?>
<!DOCTYPE html PUBLIC "-//W3C//DTD XHTML 1.0 Transitional//EN"
    "http://www.w3.org/TR/xhtml1/DTD/xhtml1-transitional.dtd">
<html xmlns="http://www.w3.org/1999/xhtml" xml:lang="en" lang="en">
 <head>
  <title>
</title>
<meta http-equiv="Content-Type" content="text/html;charset=utf-8" />
  <meta name='ocr-system' content='tesseract 3.04.00' />
  <meta name='ocr-capabilities' content='ocr_page ocr_carea ocr_par ocr_line ocrx_word'/>
</head>
<body>
  <div class='ocr_page' id='page_1' title='image "./jordanibruninol01brungoog_0176.png"; bbox 0 0 3428 5138; ppageno 0'>
   <div class='ocr_carea' id='block_1_1' title="bbox 609 426 1385 484">
    <p class='ocr_par' dir='ltr' id='par_1_1' title="bbox 609 426 1385 484">
     <span class='ocr_line' id='line_1_1' title="bbox 609 426 1385 484; baseline 0.003 -2"><span class='ocrx_word' id='word_1_1' title='bbox 609 438 654 482; x_wconf 83' lang='lat' dir='ltr'><strong>nn</strong></span> <span class='ocrx_word' id='word_1_2' title='bbox 674 436 789 482; x_wconf 76' lang='lat' dir='ltr'><strong>minian</strong></span> <span class='ocrx_word' id='word_1_3' title='bbox 809 436 1021 484; x_wconf 81' lang='lat' dir='ltr'><strong>nxrernnrm.</strong></span> <span class='ocrx_word' id='word_1_4' title='bbox 1330 426 1385 484; x_wconf 88' lang='grc'><strong>161</strong></span> 
     </span>
    </p>
   </div>
   <div class='ocr_carea' id='block_1_2' title="bbox 170 593 1462 4073">
    <p class='ocr_par' dir='ltr' id='par_1_2' title="bbox 170 593 1462 4073">
     <span class='ocr_line' id='line_1_2' title="bbox 320 593 1387 672; baseline 0.002 -18"><span class='ocrx_word' id='word_1_5' title='bbox 320 593 472 659; x_wconf 76' lang='lat' dir='ltr'><strong>uDioant</strong></span> <span class='ocrx_word' id='word_1_6' title='bbox 495 613 569 672; x_wconf 86' lang='lat' dir='ltr'><strong>ergo</strong></span> <span class='ocrx_word' id='word_1_7' title='bbox 597 593 701 672; x_wconf 88' lang='lat' dir='ltr'><strong>sophi:</strong></span> <span class='ocrx_word' id='word_1_8' title='bbox 724 593 873 654; x_wconf 89' lang='lat' dir='ltr'><strong>terminus</strong></span> <span class='ocrx_word' id='word_1_9' title='bbox 893 593 1033 655; x_wconf 81' lang='lat' dir='ltr'><strong>adiectus</strong></span> <span class='ocrx_word' id='word_1_10' title='bbox 1061 595 1191 655; x_wconf 89' lang='lat' dir='ltr'><strong>termino</strong></span> <span class='ocrx_word' id='word_1_11' title='bbox 1220 615 1281 655; x_wconf 92' lang='lat' dir='ltr'><strong>non</strong></span> <span class='ocrx_word' id='word_1_12' title='bbox 1311 595 1387 656; x_wconf 83' lang='lat' dir='ltr'><strong>fauit</strong></span> 
     </span>
     <span class='ocr_line' id='line_1_3' title="bbox 243 711 1389 792; baseline 0.002 -22"><span class='ocrx_word' id='word_1_13' title='bbox 243 712 352 788; x_wconf 72' lang='lat' dir='ltr'><strong>maine,</strong></span> <span class='ocrx_word' id='word_1_14' title='bbox 371 712 520 774; x_wconf 84' lang='lat' dir='ltr'><strong>terminus</strong></span> <span class='ocrx_word' id='word_1_15' title='bbox 538 711 622 771; x_wconf 88' lang='lat' dir='ltr'><strong>nulla</strong></span> <span class='ocrx_word' id='word_1_16' title='bbox 638 718 689 772; x_wconf 87' lang='lat' dir='ltr'><strong>est</strong></span> <span class='ocrx_word' id='word_1_17' title='bbox 705 732 792 792; x_wconf 64' lang='lat' dir='ltr'><strong>parer,</strong></span> <span class='ocrx_word' id='word_1_18' title='bbox 812 712 961 772; x_wconf 86' lang='lat' dir='ltr'><strong>terminus</strong></span> <span class='ocrx_word' id='word_1_19' title='bbox 978 711 1005 772; x_wconf 89' lang='lat' dir='ltr'><strong>si</strong></span> <span class='ocrx_word' id='word_1_20' title='bbox 1022 718 1165 789; x_wconf 85' lang='lat' dir='ltr'><strong>tangeret</strong></span> <span class='ocrx_word' id='word_1_21' title='bbox 1181 731 1224 790; x_wconf 90' lang='lat' dir='ltr'><strong>se,</strong></span> <span class='ocrx_word' id='word_1_22' title='bbox 1243 720 1309 773; x_wconf 93' lang='lat' dir='ltr'><strong>toto</strong></span> <span class='ocrx_word' id='word_1_23' title='bbox 1325 720 1389 774; x_wconf 87' lang='lat' dir='ltr'><strong>tnn-</strong></span> 
     </span>
     <span class='ocr_line' id='line_1_4' title="bbox 240 828 1384 910; baseline 0.002 -20"><span class='ocrx_word' id='word_1_24' title='bbox 240 839 339 906; x_wconf 86' lang='lat' dir='ltr'><strong>goret,</strong></span> <span class='ocrx_word' id='word_1_25' title='bbox 366 838 399 891; x_wconf 89' lang='lat' dir='ltr'><strong>et</strong></span> <span class='ocrx_word' id='word_1_26' title='bbox 419 830 489 891; x_wconf 90' lang='lat' dir='ltr'><strong>ideo</strong></span> <span class='ocrx_word' id='word_1_27' title='bbox 509 829 684 907; x_wconf 83' lang='lat' dir='ltr'>magnitudo</span> <span class='ocrx_word' id='word_1_28' title='bbox 703 849 765 889; x_wconf 95' lang='lat' dir='ltr'><strong>non</strong></span> <span class='ocrx_word' id='word_1_29' title='bbox 782 828 931 890; x_wconf 82' lang='lat' dir='ltr'><strong>conflatur</strong></span> <span class='ocrx_word' id='word_1_30' title='bbox 952 849 991 889; x_wconf 81' lang='lat' dir='ltr'><strong>ex</strong></span> <span class='ocrx_word' id='word_1_31' title='bbox 1011 829 1151 890; x_wconf 88' lang='lat' dir='ltr'><strong>torminis</strong></span> <span class='ocrx_word' id='word_1_32' title='bbox 1175 849 1230 891; x_wconf 89' lang='lat' dir='ltr'><strong>eeu</strong></span> <span class='ocrx_word' id='word_1_33' title='bbox 1250 833 1384 910; x_wconf 84' lang='lat' dir='ltr'><strong>punctis,</strong></span> 
     </span>
     <span class='ocr_line' id='line_1_5' title="bbox 241 944 1388 1025; baseline 0.003 -20"><span class='ocrx_word' id='word_1_34' title='bbox 241 946 382 1021; x_wconf 86' lang='lat' dir='ltr'><strong>quisunt</strong></span> <span class='ocrx_word' id='word_1_35' title='bbox 406 946 568 1024; x_wconf 86' lang='lat' dir='ltr'><strong>terminus,</strong></span> <span class='ocrx_word' id='word_1_36' title='bbox 601 965 656 1006; x_wconf 88' lang='lat' dir='ltr'><strong>eeu</strong></span> <span class='ocrx_word' id='word_1_37' title='bbox 681 945 805 1023; x_wconf 87' lang='lat' dir='ltr'><strong>atomis,</strong></span> <span class='ocrx_word' id='word_1_38' title='bbox 824 945 929 1022; x_wconf 91' lang='lat' dir='ltr'><strong>lineis,</strong></span> <span class='ocrx_word' id='word_1_39' title='bbox 947 944 1183 1025; x_wconf 84' lang='lat' dir='ltr'><strong>superficiebus,</strong></span> <span class='ocrx_word' id='word_1_40' title='bbox 1212 966 1290 1024; x_wconf 88' lang='lat' dir='ltr'><strong>qnae</strong></span> <span class='ocrx_word' id='word_1_41' title='bbox 1316 957 1388 1009; x_wconf 88' lang='lat' dir='ltr'><strong>eunt</strong></span> 
     </span>
     <span class='ocr_line' id='line_1_6' title="bbox 240 1061 1385 1142; baseline 0.003 -20"><span class='ocrx_word' id='word_1_42' title='bbox 240 1064 371 1124; x_wconf 88' lang='lat' dir='ltr'><strong>tormini.</strong></span> <span class='ocrx_word' id='word_1_43' title='bbox 383 1063 445 1123; x_wconf 86' lang='lat' dir='ltr'><strong>Sed</strong></span> <span class='ocrx_word' id='word_1_44' title='bbox 458 1064 538 1124; x_wconf 87' lang='lat' dir='ltr'><strong>bone</strong></span> <span class='ocrx_word' id='word_1_45' title='bbox 551 1061 732 1142; x_wconf 84' lang='lat' dir='ltr'><strong>superficies</strong></span> <span class='ocrx_word' id='word_1_46' title='bbox 754 1082 866 1141; x_wconf 85' lang='lat' dir='ltr'><strong>magna</strong></span> <span class='ocrx_word' id='word_1_47' title='bbox 887 1061 982 1121; x_wconf 89' lang='lat' dir='ltr'><strong>habet</strong></span> <span class='ocrx_word' id='word_1_48' title='bbox 1004 1061 1159 1122; x_wconf 78' lang='lat' dir='ltr'><strong>minimam</strong></span> <span class='ocrx_word' id='word_1_49' title='bbox 1176 1062 1209 1122; x_wconf 94' lang='lat' dir='ltr'><strong>in</strong></span> <span class='ocrx_word' id='word_1_50' title='bbox 1223 1063 1385 1126; x_wconf 87' lang='lat' dir='ltr'><strong>latitudine</strong></span> 
     </span>
     <span class='ocr_line' id='line_1_7' title="bbox 197 1174 1387 1259; baseline 0 -21"><span class='ocrx_word' id='word_1_51' title='bbox 197 1174 218 1238; x_wconf 81' lang='lat'>5</span> <span class='ocrx_word' id='word_1_52' title='bbox 241 1186 360 1258; x_wconf 88' lang='lat' dir='ltr'><strong>partem</strong></span> <span class='ocrx_word' id='word_1_53' title='bbox 378 1180 503 1258; x_wconf 86' lang='lat' dir='ltr'><strong>lineam,</strong></span> <span class='ocrx_word' id='word_1_54' title='bbox 521 1179 703 1259; x_wconf 82' lang='lat' dir='ltr'><strong>simpliciter</strong></span> <span class='ocrx_word' id='word_1_55' title='bbox 720 1199 793 1240; x_wconf 90' lang='lat' dir='ltr'><strong>vero</strong></span> <span class='ocrx_word' id='word_1_56' title='bbox 811 1185 968 1258; x_wconf 81' lang='lat' dir='ltr'><strong>punctum,</strong></span> <span class='ocrx_word' id='word_1_57' title='bbox 993 1177 1160 1240; x_wconf 85' lang='lat' dir='ltr'><strong>secundnm</strong></span> <span class='ocrx_word' id='word_1_58' title='bbox 1181 1198 1249 1239; x_wconf 86' lang='lat' dir='ltr'><strong>eam</strong></span> <span class='ocrx_word' id='word_1_59' title='bbox 1273 1179 1387 1257; x_wconf 83' lang='lat' dir='ltr'><strong>signifi-</strong></span> 
     </span>
     <span class='ocr_line' id='line_1_8' title="bbox 241 1296 1385 1376; baseline -0.002 -18"><span class='ocrx_word' id='word_1_60' title='bbox 241 1298 391 1359; x_wconf 85' lang='lat' dir='ltr'><strong>cationem</strong></span> <span class='ocrx_word' id='word_1_61' title='bbox 408 1318 468 1375; x_wconf 89' lang='lat' dir='ltr'><strong>qua</strong></span> <span class='ocrx_word' id='word_1_62' title='bbox 484 1296 639 1375; x_wconf 81' lang='lat' dir='ltr'><strong>signifieat</strong></span> <span class='ocrx_word' id='word_1_63' title='bbox 655 1296 784 1376; x_wconf 86' lang='lat' dir='ltr'><strong>primam</strong></span> <span class='ocrx_word' id='word_1_64' title='bbox 798 1304 930 1375; x_wconf 86' lang='lat' dir='ltr'><strong>partem,</strong></span> <span class='ocrx_word' id='word_1_65' title='bbox 948 1315 1010 1355; x_wconf 91' lang='lat' dir='ltr'><strong>non</strong></span> <span class='ocrx_word' id='word_1_66' title='bbox 1026 1302 1129 1356; x_wconf 86' lang='lat' dir='ltr'><strong>autem</strong></span> <span class='ocrx_word' id='word_1_67' title='bbox 1146 1297 1308 1357; x_wconf 87' lang='lat' dir='ltr'><strong>terminum</strong></span> <span class='ocrx_word' id='word_1_68' title='bbox 1326 1314 1385 1372; x_wconf 91' lang='lat' dir='ltr'><strong>qno</strong></span> 
     </span>
     <span class='ocr_line' id='line_1_9' title="bbox 239 1406 1462 1496; baseline 0.001 -22"><span class='ocrx_word' id='word_1_69' title='bbox 239 1417 338 1496; x_wconf 89' lang='lat' dir='ltr'><strong>prima</strong></span> <span class='ocrx_word' id='word_1_70' title='bbox 347 1435 420 1494; x_wconf 89' lang='lat' dir='ltr'><strong>pars</strong></span> <span class='ocrx_word' id='word_1_71' title='bbox 432 1416 560 1495; x_wconf 88' lang='lat' dir='ltr'><strong>primam</strong></span> <span class='ocrx_word' id='word_1_72' title='bbox 577 1415 711 1491; x_wconf 87' lang='lat' dir='ltr'><strong>attingit.</strong></span> <span class='ocrx_word' id='word_1_73' title='bbox 727 1415 836 1490; x_wconf 90' lang='lat' dir='ltr'><strong>Itaque</strong></span> <span class='ocrx_word' id='word_1_74' title='bbox 850 1412 979 1473; x_wconf 87' lang='lat' dir='ltr'><strong>definias</strong></span> <span class='ocrx_word' id='word_1_75' title='bbox 992 1413 1160 1492; x_wconf 91' lang='lat' dir='ltr'><strong>minimum,</strong></span> <span class='ocrx_word' id='word_1_76' title='bbox 1179 1415 1260 1490; x_wconf 86' lang='lat' dir='ltr'><strong>quod</strong></span> <span class='ocrx_word' id='word_1_77' title='bbox 1276 1415 1321 1476; x_wconf 90' lang='lat' dir='ltr'><strong>ita</strong></span> <span class='ocrx_word' id='word_1_78' title='bbox 1338 1425 1387 1475; x_wconf 88' lang='lat' dir='ltr'><strong>est</strong></span> <span class='ocrx_word' id='word_1_79' title='bbox 1448 1406 1462 1421; x_wconf 67' lang='lat'><strong>⁹</strong></span> 
     </span>
     <span class='ocr_line' id='line_1_10' title="bbox 240 1528 1384 1612; baseline 0.003 -20"><span class='ocrx_word' id='word_1_80' title='bbox 240 1553 327 1612; x_wconf 86' lang='lat' dir='ltr'><strong>pars,</strong></span> <span class='ocrx_word' id='word_1_81' title='bbox 344 1541 378 1591; x_wconf 93' lang='lat' dir='ltr'><strong>nt</strong></span> <span class='ocrx_word' id='word_1_82' title='bbox 395 1532 460 1593; x_wconf 85' lang='lat' dir='ltr'><strong>eins</strong></span> <span class='ocrx_word' id='word_1_83' title='bbox 482 1532 565 1591; x_wconf 85' lang='lat' dir='ltr'><strong>nullu</strong></span> <span class='ocrx_word' id='word_1_84' title='bbox 582 1532 623 1592; x_wconf 89' lang='lat' dir='ltr'><strong>sit</strong></span> <span class='ocrx_word' id='word_1_85' title='bbox 644 1550 716 1610; x_wconf 89' lang='lat' dir='ltr'><strong>pars</strong></span> <span class='ocrx_word' id='word_1_86' title='bbox 738 1530 790 1590; x_wconf 89' lang='lat' dir='ltr'><strong>vel</strong></span> <span class='ocrx_word' id='word_1_87' title='bbox 808 1529 990 1609; x_wconf 84' lang='lat' dir='ltr'><strong>simpliciter</strong></span> <span class='ocrx_word' id='word_1_88' title='bbox 1010 1531 1062 1591; x_wconf 91' lang='lat' dir='ltr'><strong>vel</strong></span> <span class='ocrx_word' id='word_1_89' title='bbox 1083 1528 1249 1592; x_wconf 87' lang='lat' dir='ltr'><strong>seeundum</strong></span> <span class='ocrx_word' id='word_1_90' title='bbox 1277 1552 1384 1611; x_wconf 83' lang='lat' dir='ltr'><strong>genus</strong></span> 
     </span>
     <span class='ocr_line' id='line_1_11' title="bbox 240 1646 1384 1728; baseline 0.003 -20"><span class='ocrx_word' id='word_1_91' title='bbox 240 1648 378 1709; x_wconf 89' lang='lat' dir='ltr'><strong>Definias</strong></span> <span class='ocrx_word' id='word_1_92' title='bbox 391 1649 567 1725; x_wconf 87' lang='lat' dir='ltr'><strong>torminum,</strong></span> <span class='ocrx_word' id='word_1_93' title='bbox 579 1648 665 1709; x_wconf 87' lang='lat' dir='ltr'><strong>ouius</strong></span> <span class='ocrx_word' id='word_1_94' title='bbox 676 1648 719 1707; x_wconf 87' lang='lat' dir='ltr'><strong>ita</strong></span> <span class='ocrx_word' id='word_1_95' title='bbox 736 1667 796 1707; x_wconf 92' lang='lat' dir='ltr'><strong>non</strong></span> <span class='ocrx_word' id='word_1_96' title='bbox 813 1654 862 1708; x_wconf 90' lang='lat' dir='ltr'><strong>est</strong></span> <span class='ocrx_word' id='word_1_97' title='bbox 879 1646 981 1723; x_wconf 87' lang='lat' dir='ltr'><strong>aliqua</strong></span> <span class='ocrx_word' id='word_1_98' title='bbox 995 1666 1083 1726; x_wconf 86' lang='lat' dir='ltr'><strong>pare,</strong></span> <span class='ocrx_word' id='word_1_99' title='bbox 1101 1656 1135 1707; x_wconf 90' lang='lat' dir='ltr'><strong>ut</strong></span> <span class='ocrx_word' id='word_1_100' title='bbox 1148 1665 1247 1725; x_wconf 88' lang='lat' dir='ltr'><strong>neque</strong></span> <span class='ocrx_word' id='word_1_101' title='bbox 1261 1649 1303 1711; x_wconf 85' lang='lat' dir='ltr'><strong>sit</strong></span> <span class='ocrx_word' id='word_1_102' title='bbox 1316 1650 1384 1728; x_wconf 92' lang='lat' dir='ltr'><strong>ipse</strong></span> 
     </span>
     <span class='ocr_line' id='line_1_12' title="bbox 175 1762 1382 1848; baseline 0.002 -21"><span class='ocrx_word' id='word_1_103' title='bbox 175 1762 218 1827; x_wconf 90' lang='lat'><strong>10</strong></span> <span class='ocrx_word' id='word_1_104' title='bbox 240 1769 342 1847; x_wconf 86' lang='lat' dir='ltr'><strong>aliqua</strong></span> <span class='ocrx_word' id='word_1_105' title='bbox 358 1788 443 1848; x_wconf 83' lang='lat' dir='ltr'><strong>pars,</strong></span> <span class='ocrx_word' id='word_1_106' title='bbox 462 1768 519 1828; x_wconf 88' lang='lat' dir='ltr'><strong>sed</strong></span> <span class='ocrx_word' id='word_1_107' title='bbox 536 1774 585 1828; x_wconf 87' lang='lat' dir='ltr'><strong>est</strong></span> <span class='ocrx_word' id='word_1_108' title='bbox 600 1786 659 1843; x_wconf 89' lang='lat' dir='ltr'><strong>quo</strong></span> <span class='ocrx_word' id='word_1_109' title='bbox 678 1772 847 1827; x_wconf 89' lang='lat' dir='ltr'><strong>extremum</strong></span> <span class='ocrx_word' id='word_1_110' title='bbox 864 1768 903 1827; x_wconf 89' lang='lat' dir='ltr'><strong>ab</strong></span> <span class='ocrx_word' id='word_1_111' title='bbox 921 1775 1058 1827; x_wconf 85' lang='lat' dir='ltr'><strong>extremo</strong></span> <span class='ocrx_word' id='word_1_112' title='bbox 1075 1767 1247 1846; x_wconf 86' lang='lat' dir='ltr'><strong>attingitur,</strong></span> <span class='ocrx_word' id='word_1_113' title='bbox 1258 1767 1309 1828; x_wconf 86' lang='lat' dir='ltr'><strong>vel</strong></span> <span class='ocrx_word' id='word_1_114' title='bbox 1323 1788 1382 1845; x_wconf 92' lang='lat' dir='ltr'><strong>quo</strong></span> 
     </span>
     <span class='ocr_line' id='line_1_13' title="bbox 239 1884 1384 1968; baseline 0 -20"><span class='ocrx_word' id='word_1_115' title='bbox 239 1910 312 1968; x_wconf 86' lang='lat' dir='ltr'><strong>pars</strong></span> <span class='ocrx_word' id='word_1_116' title='bbox 329 1895 459 1967; x_wconf 90' lang='lat' dir='ltr'><strong>partem,</strong></span> <span class='ocrx_word' id='word_1_117' title='bbox 480 1888 531 1947; x_wconf 90' lang='lat' dir='ltr'><strong>vel</strong></span> <span class='ocrx_word' id='word_1_118' title='bbox 548 1893 645 1947; x_wconf 90' lang='lat' dir='ltr'><strong>totum</strong></span> <span class='ocrx_word' id='word_1_119' title='bbox 663 1884 789 1964; x_wconf 85' lang='lat' dir='ltr'><strong>attingit</strong></span> <span class='ocrx_word' id='word_1_120' title='bbox 806 1893 913 1946; x_wconf 87' lang='lat' dir='ltr'><strong>totum.</strong></span> <span class='ocrx_word' id='word_1_121' title='bbox 937 1886 1047 1962; x_wconf 89' lang='lat' dir='ltr'><strong>Itaque</strong></span> <span class='ocrx_word' id='word_1_122' title='bbox 1063 1885 1148 1947; x_wconf 82' lang='lat' dir='ltr'><strong>iuxta</strong></span> <span class='ocrx_word' id='word_1_123' title='bbox 1165 1885 1384 1964; x_wconf 81' lang='lat' dir='ltr'><strong>magnitudinis</strong></span> 
     </span>
     <span class='ocr_line' id='line_1_14' title="bbox 239 1999 1383 2082; baseline 0.003 -21"><span class='ocrx_word' id='word_1_124' title='bbox 239 2001 360 2080; x_wconf 82' lang='lat' dir='ltr'><strong>species</strong></span> <span class='ocrx_word' id='word_1_125' title='bbox 377 2009 425 2062; x_wconf 91' lang='lat' dir='ltr'><strong>est</strong></span> <span class='ocrx_word' id='word_1_126' title='bbox 443 1999 601 2076; x_wconf 86' lang='lat' dir='ltr'><strong>diversus;</strong></span> <span class='ocrx_word' id='word_1_127' title='bbox 618 1999 697 2060; x_wconf 85' lang='lat' dir='ltr'><strong>alius</strong></span> <span class='ocrx_word' id='word_1_128' title='bbox 716 1999 795 2058; x_wconf 90' lang='lat' dir='ltr'><strong>enim</strong></span> <span class='ocrx_word' id='word_1_129' title='bbox 813 2008 862 2060; x_wconf 85' lang='lat' dir='ltr'><strong>est</strong></span> <span class='ocrx_word' id='word_1_130' title='bbox 884 2000 983 2061; x_wconf 89' lang='lat' dir='ltr'><strong>lineae</strong></span> <span class='ocrx_word' id='word_1_131' title='bbox 1001 1999 1040 2060; x_wconf 87' lang='lat' dir='ltr'><strong>ad</strong></span> <span class='ocrx_word' id='word_1_132' title='bbox 1057 2000 1187 2079; x_wconf 89' lang='lat' dir='ltr'><strong>lineam,</strong></span> <span class='ocrx_word' id='word_1_133' title='bbox 1208 2003 1383 2082; x_wconf 85' lang='lat' dir='ltr'><strong>superficiei</strong></span> 
     </span>
     <span class='ocr_line' id='line_1_15' title="bbox 240 2116 858 2197; baseline -0.002 -19"><span class='ocrx_word' id='word_1_134' title='bbox 240 2116 279 2178; x_wconf 90' lang='lat' dir='ltr'><strong>ad</strong></span> <span class='ocrx_word' id='word_1_135' title='bbox 297 2117 503 2197; x_wconf 85' lang='lat' dir='ltr'><strong>superficiem,</strong></span> <span class='ocrx_word' id='word_1_136' title='bbox 524 2117 662 2197; x_wconf 84' lang='lat' dir='ltr'><strong>eorporis</strong></span> <span class='ocrx_word' id='word_1_137' title='bbox 679 2117 719 2176; x_wconf 87' lang='lat' dir='ltr'><strong>ad</strong></span> <span class='ocrx_word' id='word_1_138' title='bbox 737 2137 858 2196; x_wconf 83' lang='lat' dir='ltr'><strong>corpus.</strong></span> 
     </span>
     <span class='ocr_line' id='line_1_16' title="bbox 319 2234 1383 2314; baseline 0.005 -18"><span class='ocrx_word' id='word_1_139' title='bbox 319 2235 518 2311; x_wconf 78' lang='lat' dir='ltr'><strong>‘iReliqunm</strong></span> <span class='ocrx_word' id='word_1_140' title='bbox 535 2254 616 2294; x_wconf 87' lang='lat' dir='ltr'><strong>nuno</strong></span> <span class='ocrx_word' id='word_1_141' title='bbox 634 2241 682 2295; x_wconf 86' lang='lat' dir='ltr'><strong>est</strong></span> <span class='ocrx_word' id='word_1_142' title='bbox 705 2234 822 2311; x_wconf 86' lang='lat' dir='ltr'><strong>videre,</strong></span> <span class='ocrx_word' id='word_1_143' title='bbox 846 2254 886 2294; x_wconf 92' lang='lat' dir='ltr'><strong>an</strong></span> <span class='ocrx_word' id='word_1_144' title='bbox 907 2243 1050 2314; x_wconf 89' lang='lat' dir='ltr'><strong>oporteat</strong></span> <span class='ocrx_word' id='word_1_145' title='bbox 1069 2235 1120 2297; x_wconf 89' lang='lat' dir='ltr'><strong>vel</strong></span> <span class='ocrx_word' id='word_1_146' title='bbox 1143 2237 1291 2299; x_wconf 89' lang='lat' dir='ltr'><strong>terminos</strong></span> <span class='ocrx_word' id='word_1_147' title='bbox 1312 2258 1383 2301; x_wconf 86' lang='lat' dir='ltr'><strong>esse</strong></span> 
     </span>
     <span class='ocr_line' id='line_1_17' title="bbox 174 2349 1383 2433; baseline 0.001 -19"><span class='ocrx_word' id='word_1_148' title='bbox 174 2350 215 2414; x_wconf 73' lang='lat' dir='ltr'><strong>li)</strong></span> <span class='ocrx_word' id='word_1_149' title='bbox 238 2352 384 2430; x_wconf 84' lang='lat' dir='ltr'><strong>infinitae,</strong></span> <span class='ocrx_word' id='word_1_150' title='bbox 404 2372 472 2413; x_wconf 87' lang='lat' dir='ltr'><strong>cum</strong></span> <span class='ocrx_word' id='word_1_151' title='bbox 484 2351 541 2412; x_wconf 84' lang='lat' dir='ltr'><strong>sub</strong></span> <span class='ocrx_word' id='word_1_152' title='bbox 556 2349 780 2429; x_wconf 83' lang='lat' dir='ltr'><strong>significatione</strong></span> <span class='ocrx_word' id='word_1_153' title='bbox 797 2350 995 2412; x_wconf 89' lang='lat' dir='ltr'><strong>terminorum</strong></span> <span class='ocrx_word' id='word_1_154' title='bbox 1011 2360 1143 2432; x_wconf 82' lang='lat' dir='ltr'><strong>punctus</strong></span> <span class='ocrx_word' id='word_1_155' title='bbox 1160 2360 1291 2430; x_wconf 85' lang='lat' dir='ltr'><strong>tangens</strong></span> <span class='ocrx_word' id='word_1_156' title='bbox 1307 2375 1383 2433; x_wconf 91' lang='lat' dir='ltr'><strong>pun-</strong></span> 
     </span>
     <span class='ocr_line' id='line_1_18' title="bbox 238 2469 1379 2550; baseline 0.005 -22"><span class='ocrx_word' id='word_1_157' title='bbox 238 2479 331 2546; x_wconf 85' lang='lat' dir='ltr'><strong>ctum,</strong></span> <span class='ocrx_word' id='word_1_158' title='bbox 351 2471 432 2531; x_wconf 88' lang='lat' dir='ltr'><strong>linea</strong></span> <span class='ocrx_word' id='word_1_159' title='bbox 453 2470 566 2530; x_wconf 88' lang='lat' dir='ltr'><strong>lineam</strong></span> <span class='ocrx_word' id='word_1_160' title='bbox 587 2477 619 2530; x_wconf 90' lang='lat' dir='ltr'><strong>et</strong></span> <span class='ocrx_word' id='word_1_161' title='bbox 645 2469 826 2548; x_wconf 86' lang='lat' dir='ltr'><strong>superficies</strong></span> <span class='ocrx_word' id='word_1_162' title='bbox 848 2469 1042 2549; x_wconf 85' lang='lat' dir='ltr'><strong>superficiem</strong></span> <span class='ocrx_word' id='word_1_163' title='bbox 1073 2489 1107 2530; x_wconf 90' lang='lat' dir='ltr'><strong>se</strong></span> <span class='ocrx_word' id='word_1_164' title='bbox 1131 2477 1214 2532; x_wconf 87' lang='lat' dir='ltr'><strong>totas</strong></span> <span class='ocrx_word' id='word_1_165' title='bbox 1241 2479 1379 2550; x_wconf 79' lang='lat' dir='ltr'><strong>tangant.</strong></span> 
     </span>
     <span class='ocr_line' id='line_1_19' title="bbox 237 2586 1379 2667; baseline 0.007 -22"><span class='ocrx_word' id='word_1_166' title='bbox 237 2586 345 2664; x_wconf 89' lang='lat' dir='ltr'><strong>Immo,</strong></span> <span class='ocrx_word' id='word_1_167' title='bbox 356 2587 489 2667; x_wconf 91' lang='lat' dir='ltr'><strong>inquam,</strong></span> <span class='ocrx_word' id='word_1_168' title='bbox 500 2607 599 2665; x_wconf 87' lang='lat' dir='ltr'><strong>neque</strong></span> <span class='ocrx_word' id='word_1_169' title='bbox 613 2587 721 2647; x_wconf 86' lang='lat' dir='ltr'><strong>horum</strong></span> <span class='ocrx_word' id='word_1_170' title='bbox 735 2592 837 2648; x_wconf 84' lang='lat' dir='ltr'><strong>tactus</strong></span> <span class='ocrx_word' id='word_1_171' title='bbox 852 2594 912 2664; x_wconf 69' lang='lat' dir='ltr'><strong>est,</strong></span> <span class='ocrx_word' id='word_1_172' title='bbox 925 2595 998 2649; x_wconf 85' lang='lat' dir='ltr'><strong>sunt</strong></span> <span class='ocrx_word' id='word_1_173' title='bbox 1008 2587 1087 2648; x_wconf 90' lang='lat' dir='ltr'><strong>enim</strong></span> <span class='ocrx_word' id='word_1_174' title='bbox 1105 2589 1216 2666; x_wconf 88' lang='lat' dir='ltr'><strong>quibus</strong></span> <span class='ocrx_word' id='word_1_175' title='bbox 1229 2589 1265 2651; x_wconf 87' lang='lat' dir='ltr'><strong>fit</strong></span> <span class='ocrx_word' id='word_1_176' title='bbox 1277 2597 1379 2653; x_wconf 86' lang='lat' dir='ltr'><strong>tactus</strong></span> 
     </span>
     <span class='ocr_line' id='line_1_20' title="bbox 238 2701 1383 2781; baseline 0.005 -19"><span class='ocrx_word' id='word_1_177' title='bbox 238 2701 375 2780; x_wconf 88' lang='lat' dir='ltr'><strong>aliorum,</strong></span> <span class='ocrx_word' id='word_1_178' title='bbox 386 2723 446 2763; x_wconf 90' lang='lat' dir='ltr'><strong>non</strong></span> <span class='ocrx_word' id='word_1_179' title='bbox 458 2712 559 2764; x_wconf 89' lang='lat' dir='ltr'><strong>autem</strong></span> <span class='ocrx_word' id='word_1_180' title='bbox 571 2723 648 2780; x_wconf 89' lang='lat' dir='ltr'><strong>quae</strong></span> <span class='ocrx_word' id='word_1_181' title='bbox 663 2709 805 2781; x_wconf 79' lang='lat' dir='ltr'><strong>tangunt3</strong></span> <span class='ocrx_word' id='word_1_182' title='bbox 821 2724 881 2765; x_wconf 93' lang='lat' dir='ltr'><strong>non</strong></span> <span class='ocrx_word' id='word_1_183' title='bbox 895 2712 968 2765; x_wconf 89' lang='lat' dir='ltr'><strong>sunt</strong></span> <span class='ocrx_word' id='word_1_184' title='bbox 978 2724 1055 2781; x_wconf 87' lang='lat' dir='ltr'><strong>quae</strong></span> <span class='ocrx_word' id='word_1_185' title='bbox 1072 2707 1200 2768; x_wconf 80' lang='lat' dir='ltr'><strong>haerent</strong></span> <span class='ocrx_word' id='word_1_186' title='bbox 1218 2714 1249 2768; x_wconf 91' lang='lat' dir='ltr'><strong>et</strong></span> <span class='ocrx_word' id='word_1_187' title='bbox 1265 2706 1383 2769; x_wconf 81' lang='lat' dir='ltr'><strong>faciunt</strong></span> 
     </span>
     <span class='ocr_line' id='line_1_21' title="bbox 237 2821 1381 2902; baseline 0.007 -22"><span class='ocrx_word' id='word_1_188' title='bbox 237 2828 399 2899; x_wconf 86' lang='lat' dir='ltr'><strong>quantum,</strong></span> <span class='ocrx_word' id='word_1_189' title='bbox 417 2821 474 2882; x_wconf 88' lang='lat' dir='ltr'><strong>sed</strong></span> <span class='ocrx_word' id='word_1_190' title='bbox 492 2821 602 2900; x_wconf 86' lang='lat' dir='ltr'><strong>quibus</strong></span> <span class='ocrx_word' id='word_1_191' title='bbox 619 2822 679 2882; x_wconf 93' lang='lat' dir='ltr'><strong>alia</strong></span> <span class='ocrx_word' id='word_1_192' title='bbox 692 2841 727 2882; x_wconf 84' lang='lat' dir='ltr'><strong>so</strong></span> <span class='ocrx_word' id='word_1_193' title='bbox 743 2821 927 2899; x_wconf 78' lang='lat' dir='ltr'><strong>attingentis</strong></span> <span class='ocrx_word' id='word_1_194' title='bbox 942 2823 1117 2902; x_wconf 85' lang='lat' dir='ltr'><strong>contignum</strong></span> <span class='ocrx_word' id='word_1_195' title='bbox 1137 2825 1187 2886; x_wconf 89' lang='lat' dir='ltr'><strong>vel</strong></span> <span class='ocrx_word' id='word_1_196' title='bbox 1206 2825 1381 2888; x_wconf 88' lang='lat' dir='ltr'><strong>continuum</strong></span> 
     </span>
     <span class='ocr_line' id='line_1_22' title="bbox 172 2929 1380 3021; baseline 0.011 -29"><span class='ocrx_word' id='word_1_197' title='bbox 172 2929 217 2992; x_wconf 81' lang='lat'><strong>‘20</strong></span> <span class='ocrx_word' id='word_1_198' title='bbox 239 2936 385 2999; x_wconf 87' lang='lat' dir='ltr'><strong>efficiunt.</strong></span> <span class='ocrx_word' id='word_1_199' title='bbox 407 2937 470 2999; x_wconf 87' lang='lat' dir='ltr'><strong>Sed</strong></span> <span class='ocrx_word' id='word_1_200' title='bbox 488 2938 625 3016; x_wconf 87' lang='lat' dir='ltr'><strong>nunquid</strong></span> <span class='ocrx_word' id='word_1_201' title='bbox 643 2937 785 3016; x_wconf 87' lang='lat' dir='ltr'><strong>quoniam</strong></span> <span class='ocrx_word' id='word_1_202' title='bbox 801 2938 885 2998; x_wconf 89' lang='lat' dir='ltr'><strong>nulla</strong></span> <span class='ocrx_word' id='word_1_203' title='bbox 905 2947 977 2999; x_wconf 86' lang='lat' dir='ltr'><strong>sunt</strong></span> <span class='ocrx_word' id='word_1_204' title='bbox 997 2959 1081 3018; x_wconf 87' lang='lat' dir='ltr'><strong>pars,</strong></span> <span class='ocrx_word' id='word_1_205' title='bbox 1101 2946 1134 3001; x_wconf 88' lang='lat' dir='ltr'><strong>et</strong></span> <span class='ocrx_word' id='word_1_206' title='bbox 1155 2943 1298 3021; x_wconf 83' lang='lat' dir='ltr'><strong>apposita</strong></span> <span class='ocrx_word' id='word_1_207' title='bbox 1319 2965 1380 3004; x_wconf 91' lang='lat' dir='ltr'><strong>non</strong></span> 
     </span>
     <span class='ocr_line' id='line_1_23' title="bbox 238 3054 1381 3138; baseline 0.006 -24"><span class='ocrx_word' id='word_1_208' title='bbox 238 3054 355 3115; x_wconf 83' lang='lat' dir='ltr'><strong>iaciunt</strong></span> <span class='ocrx_word' id='word_1_209' title='bbox 372 3055 480 3130; x_wconf 85' lang='lat' dir='ltr'><strong>mains,</strong></span> <span class='ocrx_word' id='word_1_210' title='bbox 502 3062 534 3116; x_wconf 90' lang='lat' dir='ltr'><strong>et</strong></span> <span class='ocrx_word' id='word_1_211' title='bbox 552 3076 590 3115; x_wconf 85' lang='lat' dir='ltr'><strong>ex</strong></span> <span class='ocrx_word' id='word_1_212' title='bbox 607 3054 656 3117; x_wconf 91' lang='lat' dir='ltr'><strong>his</strong></span> <span class='ocrx_word' id='word_1_213' title='bbox 674 3062 896 3132; x_wconf 89' lang='lat' dir='ltr'><strong>consequenter</strong></span> <span class='ocrx_word' id='word_1_214' title='bbox 913 3076 974 3117; x_wconf 92' lang='lat' dir='ltr'><strong>non</strong></span> <span class='ocrx_word' id='word_1_215' title='bbox 991 3057 1128 3134; x_wconf 87' lang='lat' dir='ltr'><strong>sequitur</strong></span> <span class='ocrx_word' id='word_1_216' title='bbox 1144 3058 1326 3138; x_wconf 80' lang='lat' dir='ltr'><strong>compositio</strong></span> <span class='ocrx_word' id='word_1_217' title='bbox 1349 3069 1381 3121; x_wconf 90' lang='lat' dir='ltr'><strong>ot</strong></span> 
     </span>
     <span class='ocr_line' id='line_1_24' title="bbox 237 3171 1380 3253; baseline 0.005 -23"><span class='ocrx_word' id='word_1_218' title='bbox 237 3171 413 3249; x_wconf 80' lang='lat' dir='ltr'><strong>integratio,</strong></span> <span class='ocrx_word' id='word_1_219' title='bbox 429 3172 500 3232; x_wconf 88' lang='lat' dir='ltr'><strong>ideo</strong></span> <span class='ocrx_word' id='word_1_220' title='bbox 517 3180 588 3232; x_wconf 87' lang='lat' dir='ltr'><strong>sunt</strong></span> <span class='ocrx_word' id='word_1_221' title='bbox 605 3172 735 3232; x_wconf 85' lang='lat' dir='ltr'><strong>infiniti?</strong></span> <span class='ocrx_word' id='word_1_222' title='bbox 750 3173 876 3234; x_wconf 89' lang='lat' dir='ltr'><strong>Minime</strong></span> <span class='ocrx_word' id='word_1_223' title='bbox 890 3192 977 3249; x_wconf 91' lang='lat' dir='ltr'><strong>vero;</strong></span> <span class='ocrx_word' id='word_1_224' title='bbox 989 3173 1041 3232; x_wconf 93' lang='lat' dir='ltr'><strong>nbi</strong></span> <span class='ocrx_word' id='word_1_225' title='bbox 1059 3173 1139 3233; x_wconf 90' lang='lat' dir='ltr'><strong>onim</strong></span> <span class='ocrx_word' id='word_1_226' title='bbox 1157 3184 1263 3253; x_wconf 87' lang='lat' dir='ltr'><strong>partes</strong></span> <span class='ocrx_word' id='word_1_227' title='bbox 1282 3195 1380 3253; x_wconf 90' lang='lat' dir='ltr'><strong>neque</strong></span> 
     </span>
     <span class='ocr_line' id='line_1_25' title="bbox 237 3289 1382 3371; baseline 0.004 -22"><span class='ocrx_word' id='word_1_228' title='bbox 237 3299 307 3351; x_wconf 87' lang='lat' dir='ltr'><strong>actu</strong></span> <span class='ocrx_word' id='word_1_229' title='bbox 324 3309 423 3366; x_wconf 89' lang='lat' dir='ltr'><strong>neque</strong></span> <span class='ocrx_word' id='word_1_230' title='bbox 440 3289 578 3369; x_wconf 89' lang='lat' dir='ltr'><strong>potentia</strong></span> <span class='ocrx_word' id='word_1_231' title='bbox 595 3297 667 3350; x_wconf 83' lang='lat' dir='ltr'><strong>eunt</strong></span> <span class='ocrx_word' id='word_1_232' title='bbox 683 3290 833 3363; x_wconf 88' lang='lat' dir='ltr'><strong>infinitae,</strong></span> <span class='ocrx_word' id='word_1_233' title='bbox 860 3289 981 3368; x_wconf 85' lang='lat' dir='ltr'><strong>quinam</strong></span> <span class='ocrx_word' id='word_1_234' title='bbox 1007 3291 1129 3350; x_wconf 89' lang='lat' dir='ltr'><strong>termini</strong></span> <span class='ocrx_word' id='word_1_235' title='bbox 1156 3292 1288 3370; x_wconf 87' lang='lat' dir='ltr'><strong>partium</strong></span> <span class='ocrx_word' id='word_1_236' title='bbox 1310 3313 1382 3371; x_wconf 87' lang='lat' dir='ltr'><strong>pos·</strong></span> 
     </span>
     <span class='ocr_line' id='line_1_26' title="bbox 238 3406 1380 3486; baseline 0.004 -20"><span class='ocrx_word' id='word_1_237' title='bbox 238 3416 309 3467; x_wconf 83' lang='lat' dir='ltr'><strong>eunt</strong></span> <span class='ocrx_word' id='word_1_238' title='bbox 336 3427 405 3467; x_wconf 85' lang='lat' dir='ltr'><strong>esee</strong></span> <span class='ocrx_word' id='word_1_239' title='bbox 430 3406 563 3466; x_wconf 85' lang='lat' dir='ltr'><strong>infiniti?</strong></span> <span class='ocrx_word' id='word_1_240' title='bbox 579 3406 691 3468; x_wconf 80' lang='lat' dir='ltr'><strong>Finitis</strong></span> <span class='ocrx_word' id='word_1_241' title='bbox 717 3407 832 3485; x_wconf 89' lang='lat' dir='ltr'><strong>quippe</strong></span> <span class='ocrx_word' id='word_1_242' title='bbox 859 3407 1062 3468; x_wconf 79' lang='lat' dir='ltr'><strong>existentibus</strong></span> <span class='ocrx_word' id='word_1_243' title='bbox 1088 3408 1240 3486; x_wconf 84' lang='lat' dir='ltr'><strong>partibus,</strong></span> <span class='ocrx_word' id='word_1_244' title='bbox 1259 3409 1380 3471; x_wconf 86' lang='lat' dir='ltr'><strong>illarum</strong></span> 
     </span>
     <span class='ocr_line' id='line_1_27' title="bbox 170 3515 1382 3608; baseline 0.008 -29"><span class='ocrx_word' id='word_1_245' title='bbox 170 3515 214 3579; x_wconf 71' lang='lat'><strong>25</strong></span> <span class='ocrx_word' id='word_1_246' title='bbox 237 3544 311 3585; x_wconf 87' lang='lat' dir='ltr'><strong>sane</strong></span> <span class='ocrx_word' id='word_1_247' title='bbox 327 3545 388 3584; x_wconf 93' lang='lat' dir='ltr'><strong>non</strong></span> <span class='ocrx_word' id='word_1_248' title='bbox 406 3530 512 3604; x_wconf 85' lang='lat' dir='ltr'><strong>potest</strong></span> <span class='ocrx_word' id='word_1_249' title='bbox 528 3523 680 3585; x_wconf 87' lang='lat' dir='ltr'><strong>infinitum</strong></span> <span class='ocrx_word' id='word_1_250' title='bbox 697 3543 767 3585; x_wconf 89' lang='lat' dir='ltr'><strong>esse</strong></span> <span class='ocrx_word' id='word_1_251' title='bbox 784 3523 952 3604; x_wconf 84' lang='lat' dir='ltr'><strong>quippiam,</strong></span> <span class='ocrx_word' id='word_1_252' title='bbox 967 3533 1115 3603; x_wconf 89' lang='lat' dir='ltr'><strong>tantoque</strong></span> <span class='ocrx_word' id='word_1_253' title='bbox 1132 3527 1231 3603; x_wconf 83' lang='lat' dir='ltr'><strong>magis</strong></span> <span class='ocrx_word' id='word_1_254' title='bbox 1248 3527 1300 3587; x_wconf 90' lang='lat' dir='ltr'><strong>nbi</strong></span> <span class='ocrx_word' id='word_1_255' title='bbox 1314 3550 1382 3608; x_wconf 90' lang='lat' dir='ltr'><strong>par·</strong></span> 
     </span>
     <span class='ocr_line' id='line_1_28' title="bbox 238 3625 1380 3719; baseline 0.005 -18"><span class='ocrx_word' id='word_1_256' title='bbox 238 3649 285 3702; x_wconf 88' lang='lat' dir='ltr'><strong>tes</strong></span> <span class='ocrx_word' id='word_1_257' title='bbox 308 3648 381 3701; x_wconf 85' lang='lat' dir='ltr'><strong>sunt</strong></span> <span class='ocrx_word' id='word_1_258' title='bbox 407 3641 568 3701; x_wconf 84' lang='lat' dir='ltr'><strong>continuae</strong></span> <span class='ocrx_word' id='word_1_259' title='bbox 594 3625 625 3702; x_wconf 78' lang='lat' dir='ltr'><strong>e&#39;t</strong></span> <span class='ocrx_word' id='word_1_260' title='bbox 646 3640 686 3700; x_wconf 92' lang='lat' dir='ltr'><strong>ad</strong></span> <span class='ocrx_word' id='word_1_261' title='bbox 712 3640 842 3702; x_wconf 85' lang='lat' dir='ltr'><strong>invicem</strong></span> <span class='ocrx_word' id='word_1_262' title='bbox 865 3640 1039 3719; x_wconf 84' lang='lat' dir='ltr'><strong>copulatae,</strong></span> <span class='ocrx_word' id='word_1_263' title='bbox 1063 3642 1114 3701; x_wconf 88' lang='lat' dir='ltr'><strong>ubi</strong></span> <span class='ocrx_word' id='word_1_264' title='bbox 1137 3661 1214 3704; x_wconf 86' lang='lat' dir='ltr'><strong>unus</strong></span> <span class='ocrx_word' id='word_1_265' title='bbox 1230 3644 1380 3707; x_wconf 86' lang='lat' dir='ltr'><strong>terminus</strong></span> 
     </span>
     <span class='ocr_line' id='line_1_29' title="bbox 236 3758 1380 3840; baseline 0.002 -19"><span class='ocrx_word' id='word_1_266' title='bbox 236 3779 359 3839; x_wconf 82' lang='lat' dir='ltr'><strong>semper</strong></span> <span class='ocrx_word' id='word_1_267' title='bbox 384 3767 433 3820; x_wconf 89' lang='lat' dir='ltr'><strong>est</strong></span> <span class='ocrx_word' id='word_1_268' title='bbox 459 3759 585 3820; x_wconf 88' lang='lat' dir='ltr'><strong>duarum</strong></span> <span class='ocrx_word' id='word_1_269' title='bbox 612 3759 745 3839; x_wconf 89' lang='lat' dir='ltr'><strong>partium</strong></span> <span class='ocrx_word' id='word_1_270' title='bbox 768 3759 952 3835; x_wconf 84' lang='lat' dir='ltr'><strong>eommunie;</strong></span> <span class='ocrx_word' id='word_1_271' title='bbox 978 3758 1108 3836; x_wconf 89' lang='lat' dir='ltr'><strong>ideoque</strong></span> <span class='ocrx_word' id='word_1_272' title='bbox 1129 3760 1161 3820; x_wconf 91' lang='lat' dir='ltr'><strong>in</strong></span> <span class='ocrx_word' id='word_1_273' title='bbox 1179 3780 1307 3840; x_wconf 83' lang='lat' dir='ltr'><strong>corpore</strong></span> <span class='ocrx_word' id='word_1_274' title='bbox 1325 3782 1380 3823; x_wconf 86' lang='lat' dir='ltr'><strong>seu</strong></span> 
     </span>
     <span class='ocr_line' id='line_1_30' title="bbox 237 3876 1379 3959; baseline 0.004 -22"><span class='ocrx_word' id='word_1_275' title='bbox 237 3878 390 3957; x_wconf 83' lang='lat' dir='ltr'><strong>profundo</strong></span> <span class='ocrx_word' id='word_1_276' title='bbox 408 3877 544 3938; x_wconf 89' lang='lat' dir='ltr'><strong>continui</strong></span> <span class='ocrx_word' id='word_1_277' title='bbox 560 3897 620 3938; x_wconf 95' lang='lat' dir='ltr'><strong>non</strong></span> <span class='ocrx_word' id='word_1_278' title='bbox 637 3878 741 3957; x_wconf 88' lang='lat' dir='ltr'><strong>plures</strong></span> <span class='ocrx_word' id='word_1_279' title='bbox 758 3884 889 3957; x_wconf 87' lang='lat' dir='ltr'><strong>possunt</strong></span> <span class='ocrx_word' id='word_1_280' title='bbox 906 3896 975 3937; x_wconf 87' lang='lat' dir='ltr'><strong>esse</strong></span> <span class='ocrx_word' id='word_1_281' title='bbox 997 3876 1130 3955; x_wconf 90' lang='lat' dir='ltr'><strong>termini,</strong></span> <span class='ocrx_word' id='word_1_282' title='bbox 1154 3898 1242 3956; x_wconf 89' lang='lat' dir='ltr'><strong>quam</strong></span> <span class='ocrx_word' id='word_1_283' title='bbox 1265 3887 1379 3959; x_wconf 82' lang='lat' dir='ltr'><strong>partes.</strong></span> 
     </span>
     <span class='ocr_line' id='line_1_31' title="bbox 236 3993 1183 4073; baseline 0.002 -19"><span class='ocrx_word' id='word_1_284' title='bbox 236 3996 273 4055; x_wconf 93' lang='lat' dir='ltr'><strong>In</strong></span> <span class='ocrx_word' id='word_1_285' title='bbox 288 3995 450 4073; x_wconf 82' lang='lat' dir='ltr'><strong>superficie</strong></span> <span class='ocrx_word' id='word_1_286' title='bbox 468 3995 553 4071; x_wconf 87' lang='lat' dir='ltr'><strong>item,</strong></span> <span class='ocrx_word' id='word_1_287' title='bbox 573 4015 632 4072; x_wconf 89' lang='lat' dir='ltr'><strong>qna</strong></span> <span class='ocrx_word' id='word_1_288' title='bbox 649 4014 771 4072; x_wconf 86' lang='lat' dir='ltr'><strong>semper</strong></span> <span class='ocrx_word' id='word_1_289' title='bbox 786 4014 897 4073; x_wconf 85' lang='lat' dir='ltr'><strong>eorpus</strong></span> <span class='ocrx_word' id='word_1_290' title='bbox 913 3993 1018 4053; x_wconf 88' lang='lat' dir='ltr'><strong>finitur</strong></span> <span class='ocrx_word' id='word_1_291' title='bbox 1034 3993 1073 4054; x_wconf 91' lang='lat' dir='ltr'><strong>ad</strong></span> <span class='ocrx_word' id='word_1_292' title='bbox 1091 3993 1183 4056; x_wconf 85' lang='lat' dir='ltr'><strong>aliud.</strong></span> 
     </span>
    </p>
   </div>
   <div class='ocr_carea' id='block_1_3' title="bbox 170 4098 1521 4198">
    <p class='ocr_par' dir='ltr' id='par_1_3' title="bbox 170 4098 1521 4198">
     <span class='ocr_line' id='line_1_32' title="bbox 170 4098 1521 4198; baseline 0.007 -28"><span class='ocrx_word' id='word_1_293' title='bbox 170 4098 214 4161; x_wconf 79' lang='lat'><strong>30</strong></span> <span class='ocrx_word' id='word_1_294' title='bbox 316 4112 368 4173; x_wconf 61' lang='lat' dir='ltr'><strong>i2</strong></span> <span class='ocrx_word' id='word_1_295' title='bbox 392 4119 423 4173; x_wconf 90' lang='lat' dir='ltr'><strong>et</strong></span> <span class='ocrx_word' id='word_1_296' title='bbox 446 4117 491 4173; x_wconf 76' lang='lat'><strong>14.</strong></span> <span class='ocrx_word' id='word_1_297' title='bbox 514 4112 726 4174; x_wconf 86' lang='lat' dir='ltr'><strong>Terminorum</strong></span> <span class='ocrx_word' id='word_1_298' title='bbox 753 4132 828 4189; x_wconf 86' lang='lat' dir='ltr'><strong>ergo</strong></span> <span class='ocrx_word' id='word_1_299' title='bbox 855 4112 994 4191; x_wconf 88' lang='lat' dir='ltr'><strong>potentia</strong></span> <span class='ocrx_word' id='word_1_300' title='bbox 1015 4119 1046 4173; x_wconf 90' lang='lat' dir='ltr'><strong>ot</strong></span> <span class='ocrx_word' id='word_1_301' title='bbox 1067 4121 1153 4173; x_wconf 86' lang='lat' dir='ltr'><strong>actus</strong></span> <span class='ocrx_word' id='word_1_302' title='bbox 1174 4114 1306 4194; x_wconf 89' lang='lat' dir='ltr'><strong>partium</strong></span> <span class='ocrx_word' id='word_1_303' title='bbox 1323 4136 1378 4195; x_wconf 88' lang='lat' dir='ltr'><strong>po·</strong></span> <span class='ocrx_word' id='word_1_304' title='bbox 1399 4137 1441 4198; x_wconf 89' lang='lat' dir='ltr'><strong>p.</strong></span> <span class='ocrx_word' id='word_1_305' title='bbox 1459 4122 1521 4187; x_wconf 85' lang='lat'><strong>31</strong></span> 
     </span>
    </p>
   </div>
   <div class='ocr_carea' id='block_1_4' title="bbox 237 4231 1375 4315">
    <p class='ocr_par' dir='ltr' id='par_1_4' title="bbox 237 4231 1375 4315">
     <span class='ocr_line' id='line_1_33' title="bbox 237 4231 1375 4315; baseline 0.004 -24"><span class='ocrx_word' id='word_1_306' title='bbox 237 4232 363 4293; x_wconf 88' lang='lat' dir='ltr'><strong>tentiam</strong></span> <span class='ocrx_word' id='word_1_307' title='bbox 381 4239 412 4291; x_wconf 89' lang='lat' dir='ltr'><strong>et</strong></span> <span class='ocrx_word' id='word_1_308' title='bbox 429 4240 529 4291; x_wconf 88' lang='lat' dir='ltr'><strong>autum</strong></span> <span class='ocrx_word' id='word_1_309' title='bbox 547 4239 779 4308; x_wconf 86' lang='lat' dir='ltr'><strong>consequuntur.</strong></span> <span class='ocrx_word' id='word_1_310' title='bbox 799 4231 840 4290; x_wconf 83' lang='lat' dir='ltr'><strong>Et</strong></span> <span class='ocrx_word' id='word_1_311' title='bbox 856 4238 890 4291; x_wconf 88' lang='lat' dir='ltr'><strong>ut</strong></span> <span class='ocrx_word' id='word_1_312' title='bbox 911 4231 1043 4311; x_wconf 89' lang='lat' dir='ltr'><strong>partium</strong></span> <span class='ocrx_word' id='word_1_313' title='bbox 1060 4232 1100 4292; x_wconf 83' lang='lat' dir='ltr'><strong>ad</strong></span> <span class='ocrx_word' id='word_1_314' title='bbox 1127 4253 1184 4311; x_wconf 89' lang='lat' dir='ltr'><strong>par</strong></span> <span class='ocrx_word' id='word_1_315' title='bbox 1207 4240 1238 4295; x_wconf 89' lang='lat' dir='ltr'><strong>et</strong></span> <span class='ocrx_word' id='word_1_316' title='bbox 1263 4235 1375 4315; x_wconf 90' lang='lat' dir='ltr'><strong>impar,</strong></span> 
     </span>
    </p>
   </div>
   <div class='ocr_carea' id='block_1_5' title="bbox 324 4378 1364 4391">
    <p class='ocr_par' dir='ltr' id='par_1_5' title="bbox 324 4378 1364 4391">
     <span class='ocr_line' id='line_1_34' title="bbox 324 4378 1364 4391; baseline 0.004 -6"><span class='ocrx_word' id='word_1_317' title='bbox 324 4378 681 4388; x_wconf 66' lang='lat'><em>.-..-—---.-—----.·—</em></span> <span class='ocrx_word' id='word_1_318' title='bbox 733 4380 741 4386; x_wconf 82' lang='lat'><em>-</em></span> <span class='ocrx_word' id='word_1_319' title='bbox 801 4381 807 4385; x_wconf 83' lang='lat'>-</span> <span class='ocrx_word' id='word_1_320' title='bbox 842 4382 848 4387; x_wconf 93' lang='lat'>.</span> <span class='ocrx_word' id='word_1_321' title='bbox 917 4381 1002 4387; x_wconf 85' lang='lat'><em>--.-—.</em></span> <span class='ocrx_word' id='word_1_322' title='bbox 1030 4382 1051 4387; x_wconf 85' lang='grc'><strong>-.</strong></span> <span class='ocrx_word' id='word_1_323' title='bbox 1089 4382 1142 4387; x_wconf 85' lang='grc'><em>-...</em></span> <span class='ocrx_word' id='word_1_324' title='bbox 1199 4382 1204 4387; x_wconf 88' lang='grc'><strong>-</strong></span> <span class='ocrx_word' id='word_1_325' title='bbox 1239 4383 1276 4388; x_wconf 93' lang='grc'><strong>...</strong></span> <span class='ocrx_word' id='word_1_326' title='bbox 1304 4384 1364 4391; x_wconf 76' lang='lat'><strong>-—</strong></span> 
     </span>
    </p>
   </div>
   <div class='ocr_carea' id='block_1_6' title="bbox 237 4453 1377 4601">
    <p class='ocr_par' dir='ltr' id='par_1_6' title="bbox 237 4453 1377 4601">
     <span class='ocr_line' id='line_1_35' title="bbox 237 4453 1377 4521; baseline 0.005 -14"><span class='ocrx_word' id='word_1_327' title='bbox 237 4458 268 4507; x_wconf 85' lang='grc'><strong>16</strong></span> <span class='ocrx_word' id='word_1_328' title='bbox 283 4456 329 4521; x_wconf 78' lang='lat' dir='ltr'><strong>qni</strong></span> <span class='ocrx_word' id='word_1_329' title='bbox 342 4458 482 4520; x_wconf 79' lang='lat' dir='ltr'><strong>tangant?</strong></span> <span class='ocrx_word' id='word_1_330' title='bbox 495 4474 507 4506; x_wconf 78' lang='lat' dir='ltr'><strong>a</strong></span> <span class='ocrx_word' id='word_1_331' title='bbox 519 4455 606 4508; x_wconf 69' lang='lat' dir='ltr'><strong>truncae</strong></span> <span class='ocrx_word' id='word_1_332' title='bbox 615 4460 650 4507; x_wconf 67' lang='lat'><strong>24</strong></span> <span class='ocrx_word' id='word_1_333' title='bbox 660 4456 776 4508; x_wconf 88' lang='lat' dir='ltr'><strong>infiniti.</strong></span> <span class='ocrx_word' id='word_1_334' title='bbox 791 4472 870 4507; x_wconf 72' lang='lat' dir='ltr'><strong>senza</strong></span> <span class='ocrx_word' id='word_1_335' title='bbox 880 4453 1072 4521; x_wconf 76' lang='lat' dir='ltr'><strong>interropatioo</strong></span> <span class='ocrx_word' id='word_1_336' title='bbox 1134 4458 1165 4507; x_wconf 65' lang='grc'><strong>24</strong></span> <span class='ocrx_word' id='word_1_337' title='bbox 1182 4457 1377 4513; x_wconf 80' lang='lat' dir='ltr'><strong>existentibus</strong></span> 
     </span>
     <span class='ocr_line' id='line_1_36' title="bbox 371 4551 1217 4601; baseline -0.002 -10"><span class='ocrx_word' id='word_1_338' title='bbox 371 4552 446 4592; x_wconf 74' lang='lat' dir='ltr'><strong>linunt</strong></span> <span class='ocrx_word' id='word_1_339' title='bbox 466 4554 520 4601; x_wconf 60' lang='grc' dir='ltr'><strong><em>(ηιμ.</em></strong></span> <span class='ocrx_word' id='word_1_340' title='bbox 533 4553 573 4591; x_wconf 81' lang='lat' dir='ltr'><strong>lut.</strong></span> <span class='ocrx_word' id='word_1_341' title='bbox 587 4551 605 4601; x_wconf 87' lang='lat'><strong>1,</strong></span> <span class='ocrx_word' id='word_1_342' title='bbox 617 4553 638 4591; x_wconf 76' lang='lat' dir='ltr'><strong>a.</strong></span> <span class='ocrx_word' id='word_1_343' title='bbox 1192 4552 1217 4590; x_wconf 72' lang='lat' dir='ltr'><strong>tl</strong></span> 
     </span>
    </p>
   </div>
   <div class='ocr_carea' id='block_1_7' title="bbox 0 0 1718 5138">
    <p class='ocr_par' dir='ltr' id='par_1_7' title="bbox 0 0 1718 5138">
     <span class='ocr_line' id='line_1_37' title="bbox 0 0 1718 5138; baseline 0 2"><span class='ocrx_word' id='word_1_344' title='bbox 0 0 1718 5138; x_wconf 95' lang='lat' dir='ltr'><strong> </strong></span> 
     </span>
    </p>
   </div>
  </div>
 </body>
</html>
