3428 5138
254 418 314 478 260
543 427 682 478 munem
704 428 806 475 novur
827 429 872 474 na
892 425 1029 490 mmm,
1053 426 1100 472 111.

255 586 408 653 Olarior?
427 587 477 652 At
495 594 610 674 partes
630 586 680 651 ita
699 583 940 651 confundendo
959 584 1135 667 laborant,

254 704 334 769 Non
354 727 464 770 canon
480 710 519 769 ut
535 712 649 769 rectus
669 702 826 787 ratioque
845 708 965 767 exacta
982 700 1132 765 oluescat

255 821 419 886 Partibus
439 821 584 906 exiguis,
605 842 726 885 verum
745 817 936 884 occultetur
954 824 994 882 ut
1013 838 1120 899 error,

256 937 307 1002 Ac
326 960 469 1003 numero
487 937 549 1001 fiat
567 943 666 1002 tanto
684 934 841 1001 confusio
859 934 979 1000 maior.

211 1048 232 1111 5
255 1051 348 1117 Hinc
367 1052 505 1118 sinuum
523 1050 663 1117 tabulae
681 1050 801 1138 procul
821 1048 1032 1115 abiiciantur
1048 1047 1190 1130 inertes,

255 1167 343 1233 Cum
361 1167 455 1234 noris
474 1168 565 1254 cycli
583 1167 810 1253 quadrantem
830 1187 964 1251 semper
982 1164 1142 1248 iniquum

257 1283 326 1351 Ora
346 1307 449 1374 super
466 1285 569 1370 radii,
589 1308 649 1351 seu
668 1292 782 1351 totum
802 1284 873 1349 sive
891 1305 954 1371 per
973 1304 1091 1348 omncs

257 1400 440 1489 Concipias
458 1409 574 1489 partes
593 1401 679 1467 recti
699 1399 878 1485 curvique,
897 1405 938 1463 ut
956 1404 990 1463 et
1008 1420 1117 1483 usque

256 1518 335 1584 Una
354 1518 536 1604 sigillatim
554 1540 710 1604 quaeque
729 1523 781 1581 est
800 1515 923 1601 cuique
942 1513 1074 1601 impare
1092 1518 1222 1596 tractu,

192 1633 234 1696 10
256 1634 303 1699 Et
322 1640 435 1700 totum
456 1634 694 1720 quodcumque
714 1633 785 1699 suis
804 1633 846 1697 de
865 1631 1024 1719 partibus
1043 1630 1137 1696 hisce

256 1750 403 1816 Constat
422 1773 620 1817 mensuram
639 1749 857 1837 capientibus
876 1747 958 1813 inde
977 1754 1163 1829 recentem,

256 1868 313 1934 Ad
331 1868 442 1956 partis
462 1868 597 1955 quoties
615 1867 809 1956 progressio
828 1867 888 1931 fiet
907 1865 995 1932 alius

256 1984 480 2050 Momentum.
499 1985 549 2052 Ut
567 2005 746 2069 nunquam
765 1981 918 2048 medium
937 1979 1042 2047 medii
1060 1979 1275 2066 accipientur

258 2097 438 2177 Quadrans
457 2105 561 2184 atque
580 2099 688 2164 triens
708 2099 900 2185 quadrante
918 2119 982 2162 nec
1001 2119 1073 2161 esse
1092 2094 1220 2160 triente

193 2219 233 2284 15
256 2217 447 2303 Acceptum
466 2217 596 2304 poterit
615 2216 799 2283 succedens
820 2215 940 2282 ordine
959 2222 1053 2280 certo

255 2333 299 2397 In
318 2356 423 2399 curva
442 2356 484 2399 ex
502 2341 615 2400 rectae
634 2340 669 2399 et
687 2332 724 2398 in
742 2339 836 2398 recta
855 2355 897 2397 ex
915 2331 1065 2419 partibu’
1076 2352 1212 2396 curvae.

257 2449 415 2535 Namque
434 2456 474 2514 ut
493 2449 632 2537 oblique
650 2448 747 2517 radio
767 2448 988 2515 subtenditur
1007 2469 1122 2530 arcuS,

258 2563 317 2630 Sic
334 2565 427 2652 parti
447 2565 649 2652 cuicumque
667 2565 765 2632 venit
783 2587 863 2653 pars
881 2562 1109 2647 subiicienda

258 2680 330 2745 Nec
348 2681 446 2746 iuvat
465 2681 665 2748 innumerae
684 2688 724 2747 ut
742 2687 858 2769 partes
876 2678 1098 2767 geminentur
1116 2677 1244 2763 iniqui,

192 2799 236 2863 20
259 2796 298 2862 Si
315 2820 428 2883 neque
446 2804 629 2885 propterea
648 2798 762 2864 minus
787 2797 1010 2884 opperientur
1028 2794 1181 2881 iniquae.

258 2915 352 3000 Ergo
369 2915 464 2980 velut
482 2937 661 3000 nunquam
679 2914 778 2981 venit
796 2914 868 2979 ulla
886 2911 1065 3001 proportio
1085 2918 1179 2977 certa

260 3032 423 3098 Partibus
443 3032 487 3098 ad
504 3040 634 3120 partes²
654 3055 815 3099 mensura
834 3032 901 3098 erit
918 3030 994 3097 heic
1013 3051 1150 3116 quoque
1168 3029 1276 3095 nulla.

342 3261 455 3322 Girculi
468 3262 624 3341 proprium
639 3261 817 3335 subiectum,
828 3261 859 3320 in
874 3278 932 3337 quo
947 3258 1071 3320 minima
1082 3259 1148 3320 cius
1159 3259 1405 3320 demonstrative

262 3378 389 3457 perinde
426 3386 517 3456 atque
555 3378 586 3439 in
618 3378 776 3440 Charitum
805 3379 897 3458 plana
924 3376 1054 3456 cythara
1080 3375 1325 3456 conspiciuntur,
1359 3384 1408 3436 est

197 3493 240 3558 25
263 3495 408 3574 sphaera,
425 3494 496 3556 idco
514 3495 546 3556 in
566 3495 719 3573 triangulo
741 3515 835 3574 supra
854 3513 982 3573 corpore
1002 3494 1132 3570 globoso
1154 3493 1341 3568 aequilatero
1366 3490 1408 3552 ef·

263 3613 395 3673 formata
414 3622 445 3674 et
462 3615 566 3693 praxis
587 3621 619 3674 et
640 3613 808 3692 speculatio
827 3613 995 3691 perficitur,
1011 3609 1256 3687 quandoquidem
1273 3609 1315 3669 ibi
1332 3629 1409 3670 sem-

265 3750 321 3807 per
337 3729 470 3809 partium
488 3728 527 3790 ad
544 3739 649 3809 partes
666 3737 714 3789 est
735 3728 875 3806 analogia
882 3749 890 3804 ;
911 3728 942 3787 in
959 3727 1051 3806 plano
1074 3746 1146 3788 voro
1174 3746 1210 3786 ea
1237 3725 1410 3806 proportio-

265 3849 345 3910 nalis
363 3849 458 3909 sectio
487 3855 518 3908 et
535 3856 731 3925 augmentum
750 3865 810 3906 non
838 3851 942 3924 potest
966 3844 1030 3905 ulla
1052 3852 1118 3905 arte
1146 3844 1197 3904 vel
1223 3844 1329 3922 effingi
1358 3845 1409 3906 vel

267 3966 433 4045 moderari,
465 3967 536 4044 quia
566 3987 669 4027 arcum
699 3963 908 4025 subdividenti
936 3963 968 4022 in
998 3963 1090 4042 plano
1118 3981 1217 4022 novae
1247 3972 1410 4024 occurrunt

202 4081 246 4145 30
268 4103 441 4159 mensurae;
455 4103 553 4160 neque
571 4083 651 4143 enim
669 4082 799 4143 circinus
816 4081 909 4160 duplo
926 4080 1026 4158 magis
1043 4079 1188 4158 expansis
1210 4080 1348 4141 cruribus
1366 4079 1411 4140 ita

269 4200 363 4279 duplo
375 4201 519 4262 maiorem
531 4201 613 4279 capit
626 4202 657 4260 in
667 4199 759 4279 plano
770 4219 882 4276 arcum,
895 4197 975 4259 sicut
988 4197 1081 4276 duplo
1092 4197 1237 4257 maiorem
1256 4197 1261 4275 Ι
1280 4197 1568 4275 rectam,p.122

1292 4357 1405 4365 ———

363 4442 393 4490 211
410 4440 433 4489 lc
445 4441 543 4504 parole
554 4440 703 4491 Charitum
716 4470 740 4477 -
751 4437 971 4506 conspiciuntur
982 4456 1046 4489 sono
1059 4445 1104 4489 tra
1114 4437 1255 4504 parented
