3428 5138
660 430 800 476 IORDANI
819 429 921 476 anrn
942 430 987 474 DF.
1006 430 1141 486 nmmo,
1163 428 1193 471 V.

781 754 934 822 OAPVT
967 756 1064 822 XIV.

831 968 1013 1012 Pnnncnno,

433 1114 453 1154 Α
468 1116 551 1164 puncto
565 1112 589 1152 ln
605 1124 649 1152 uno
664 1112 735 1153 latero
750 1112 857 1163 triangul!
872 1113 926 1152 «lato
941 1113 1026 1153 lineam
1039 1112 1179 1162 triangulum
1194 1110 1332 1151 bisooantem
1347 1110 1412 1150 duco.

441 1290 558 1374 Atque.
577 1288 657 1354 dato
677 1311 697 1353 n
715 1293 844 1374 punoto
864 1288 982 1354 latoris
1001 1290 1047 1371 (1)
1066 1288 1253 1375 producere
1272 1295 1400 1355 rectam
1491 1308 1534 1369 p.
1548 1286 1651 1352 200

308 1397 328 1458 ὓ
352 1406 394 1472 In
413 1407 582 1493 triquetro
602 1408 649 1487 (2)
668 1404 812 1491 poteris,
831 1405 1041 1490 triquetrum
1060 1428 1148 1492 qua-e
1167 1406 1313 1471 dissecet
1332 1413 1426 1501 apte,

352 1523 390 1589 Si
409 1523 476 1587 tibi
495 1522 680 1587 dissectum
699 1521 806 1586 iiisrit
824 1521 946 1607 puncti
965 1522 1057 1588 latus
1077 1524 1138 1606 (3),
1160 1527 1265 1608 atquo

351 1640 492 1725 Angulo
511 1639 554 1705 ab
574 1639 732 1726 opposito
752 1640 797 1722 (4)
817 1638 930 1704 fluxus
949 1640 1073 1725 puncti
1093 1640 1139 1723 (ὖ)
1159 1638 1378 1727 excipiantur

354 1757 438 1822 Eius
457 1757 518 1841 qui
536 1756 637 1821 dotus
656 1762 719 1839 ost,
742 1756 798 1821 oui
817 1756 1026 1841 aequidistot
1046 1763 1081 1821 et
1101 1756 1188 1821 altor
1208 1757 1254 1839 (o)

352 1873 484 1938 Fluxus
503 1872 545 1937 do
564 1872 695 1958 reliquo
715 1880 844 1960 puncto
865 1874 910 1957 (7)
931 1872 1122 1957 bisonnntn,
1142 1880 1182 1938 nt
1201 1880 1235 1937 st
1254 1871 1327 1937 eius

289 1994 331 2058 10
353 1990 396 2054 In
414 1990 519 2055 finem
537 1989 650 2055 fluxus
670 1990 715 2074 (8)
734 1997 884 2077 punctus
903 1988 1004 2055 dotus
1024 1992 1069 2073 (o)
1088 1989 1221 2055 incidat
1240 1989 1330 2053 indo.

354 2106 412 2172 Sio
431 2113 557 2172 tractes
577 2108 784 2193 triquetrum
804 2129 906 2192 quom
926 2106 1075 2172 reddunt
1094 2106 1253 2193 Iuppiter
1272 2112 1376 2190 atquo

353 2222 509 2287 Fortuna
528 2228 562 2285 et
581 2222 740 2307 Hormos²
760 2221 908 2288 Telluris
928 2222 988 2308 qni
1008 2246 1028 2287 a
1046 2222 1188 2308 regione

354 2337 493 2423 Aequas
512 2339 548 2403 in
567 2346 684 2425 partos
702 2338 859 2423 geminas
878 2342 954 2405 vult
973 2339 1105 2404 findior.
1127 2338 1236 2424 quue
1473 2369 1499 2405 ιο

356 2452 393 2517 Si
411 2453 478 2519 tibi
497 2451 654 2519 fortassis
672 2452 816 2518 dubium
836 2453 1009 2537 videatur,
1029 2454 1066 2519 in
1085 2454 1198 2540 ipsum

291 2639 332 2703 15
742 2664 785 2706 nx
807 2665 906 2708 irino
929 2664 1111 2709 nrorrnnrs.

825 2778 899 2817 Areos
915 2778 1033 2818 dissertor.

361 4403 544 4413 ———

451 4455 467 4505 5
485 4458 593 4506 discoot
604 4458 644 4503 eo'
660 4456 818 4519 diseotum,
834 4457 864 4507 it·
876 4457 1001 4508 disoctor
1013 4466 1060 4511 etc.
