3428 5138
342 638 649 743 reamur
703 641 928 743 surm
987 642 1264 746 uocum
1397 673 1479 747 Μ
1599 584 1602 589 ⁴

433 893 497 958 Du
521 894 684 959 MINIMI
708 894 999 961 Exlsruurrn
1022 897 1177 963 LIBER.

701 1732 853 1799 OAPVT
889 1734 915 1797 I.

299 1901 421 1943 Proclurlls
434 1902 495 1942 clroa
509 1901 668 1951 intentionem,
680 1899 804 1940 efficientes
818 1909 909 1949 uuam,
925 1900 1000 1941 mcdla
1011 1905 1034 1941 ct
1049 1903 1139 1942 modum
1151 1903 1304 1954 procedendi.

188 2084 209 2148 5
321 2089 371 2157 Ut
390 2111 486 2154 mens
505 2094 650 2154 naturae
669 2087 833 2154 subiectis
849 2088 955 2154 insita
974 2088 1076 2155 rebus

231 2204 417 2272 Momentis
436 2203 639 2290 graduanda
658 2203 728 2269 suis
748 2202 932 2291 depromit,
952 2211 987 2270 et
1003 2205 1097 2292 aptis

233 2321 422 2388 Ordinibus
441 2320 596 2386 conflans
614 2319 767 2386 numeris
789 2319 1006 2388 discriminat
1024 2322 1110 2406 alte,

233 2434 291 2501 Sic
307 2435 453 2501 rationis
469 2457 569 2522 opus,
589 2435 638 2501 sic
656 2435 776 2502 vivida
799 2435 853 2502 vis
872 2435 959 2502 aciei

232 2551 387 2617 Humani
406 2573 524 2618 sensus
547 2558 664 2639 partes
683 2551 808 2638 quibus
825 2552 977 2640 applicet
995 2552 1080 2637 illis,

166 2663 210 2727 10
231 2666 411 2733 Mensuras
431 2666 556 2752 quibus
575 2668 756 2756 expendat,
776 2668 1013 2756 praeconcipit
1032 2669 1117 2756 ipsis

232 2782 274 2847 In
292 2782 439 2868 foribus,
461 2805 605 2869 quarum
624 2784 746 2871 palens
765 2805 785 2849 a
803 2783 932 2850 finibus
947 2783 1071 2871 ingens

232 2899 348 2967 Turba
367 2901 600 2988 sophistarum
619 2923 736 2969 caecos
754 2901 981 2968 nihilominus
1000 2903 1086 2969 orba

231 3014 385 3103 Longius
405 3017 561 3100 abduxit,
584 3040 688 3103 quam
706 3040 767 3105 per
784 3018 986 3105 compendia
1005 3019 1140 3105 possint

232 3132 304 3200 Aut
323 3133 457 3200 levibus
476 3134 568 3199 notis
592 3133 734 3200 meliora
750 3156 924 3221 capessere
943 3133 1050 3219 dicta,

166 3242 208 3306 15
232 3249 343 3335 Seque
362 3249 453 3317 ultro
472 3250 559 3314 lucis
577 3272 800 3337 peramoenos
818 3258 952 3316 vertere
967 3249 1011 3316 ad
1030 3258 1142 3335 ortuS‚

230 3365 331 3432 Unde
350 3364 444 3430 subit
464 3365 634 3451 quidquid
652 3373 778 3433 natura
794 3365 965 3433 coloribus
985 3372 1090 3452 atque

231 3478 382 3544 Vocibus
401 3479 532 3544 affabre
551 3479 711 3567 depingit
729 3487 763 3546 et
782 3480 920 3546 intonat
939 3479 1038 3546 alma.

231 3593 260 3659 Ο
279 3601 332 3678 tu,
353 3595 413 3680 qui
431 3594 587 3661 flammas
606 3596 745 3661 mortali
764 3595 802 3660 in
820 3596 921 3662 corde
939 3617 1107 3683 perennes
1394 3601 1434 3661 1)-
1453 3587 1486 3650 2

231 3710 429 3788 SuccendiS‚
454 3719 642 3798 pectusque
661 3733 775 3778 meum
794 3733 999 3797 consurgere
1022 3719 1121 3777 tanto
1347 3741 1371 3780 rs

162 3824 207 3889 20
230 3826 376 3892 Lumine
396 3826 527 3892 iussisti
543 3834 710 3913 tantoque
729 3827 895 3893 calescere
914 3826 958 3893 ab
977 3827 1073 3914 igne,

230 3944 367 4021 Quanto
387 3965 451 4031 ego
468 3944 651 4028 sidereum,
670 3944 779 4031 pulsis
798 3942 978 4009 hincinde
997 3943 1150 4010 tenebris

229 4059 275 4125 Et
291 4059 389 4146 segni
408 4058 558 4126 edomito
578 4058 750 4124 tardantis
769 4058 920 4146 pondere
939 4059 1054 4142 molis,

229 4175 421 4243 Pervadem
441 4174 646 4241 immensum
666 4174 812 4241 sublatis
831 4174 988 4242 sensibus
1007 4177 1143 4260 orbem;

239 4341 281 4349 .-
299 4343 313 4347 -
343 4343 374 4348 ..-.
430 4343 435 4346 Α
453 4343 527 4348 ----
541 4343 596 4348 -.-..
615 4344 715 4351 ..-...-
740 4345 781 4350 .....
1039 4343 1369 4359 ..ι--ξ-

322 4427 353 4476 15
369 4439 554 4495 peremeenos
