3428 5138
359 411 418 469 134
663 422 802 469 rounam
823 424 926 469 nsvin
947 425 990 469 na
1012 424 1147 485 ummo,
1169 426 1190 468 1.

358 579 426 645 Seu
443 579 537 646 volet
555 579 598 646 ad
614 580 756 663 circum,
775 603 835 645 seu
853 579 954 663 fortis
972 580 1092 645 lancea
1110 578 1195 645 forti

357 694 536 778 Occurrat,
555 693 749 779 validisque
768 694 864 760 iuvet
883 693 1088 761 contendere
1107 694 1238 776 nervis3

356 811 497 877 Caetera
516 811 558 877 de
575 831 701 896 genere
716 809 794 892 hoc,
813 809 898 876 adeo
918 831 1005 895 quae
1024 815 1148 875 cuncta
1167 809 1343 894 decenter,
1470 838 1498 878 oo

355 928 522 994 Strenuus
542 935 576 992 et
595 925 693 991 Iovia
711 925 848 1012 peragit
866 925 998 992 virtute
1015 924 1185 1012 profecto,
1205 931 1241 991 et

311 1035 332 1097 5
356 1040 414 1106 Sic
430 1041 535 1106 etiam
554 1040 656 1106 certis
675 1040 790 1106 studia
809 1040 893 1106 haec
911 1061 982 1106 non
1001 1040 1157 1127 negligat
1173 1039 1281 1125 horis,

353 1156 473 1221 Indole
489 1154 630 1221 sublimi
649 1177 689 1220 ac
706 1159 807 1221 tanta
822 1154 1027 1241 dignissima
1045 1155 1212 1242 primum,

353 1272 403 1339 Ut
418 1272 520 1358 plane
538 1278 696 1359 possunt,
717 1269 778 1336 ubi
797 1277 878 1335 sunt
894 1291 1108 1357 comprensa,
1127 1271 1248 1337 videri.

354 1385 525 1473 Corporea
549 1385 661 1472 specie
680 1385 903 1471 quantumvis
926 1386 1054 1472 polleat
1073 1386 1153 1469 iste,

353 1503 510 1570 Excellat
525 1504 654 1587 nervia,
674 1504 841 1569 consistat
859 1503 980 1589 robore
999 1503 1097 1588 forti,

289 1619 331 1683 10
354 1621 470 1706 Atque
489 1619 574 1705 agili
592 1619 678 1685 mire
695 1619 882 1685 contendat
901 1619 1122 1687 dexteritate:

353 1737 452 1804 Talia
471 1745 552 1802 sunt
570 1743 687 1803 tamen
705 1737 801 1818 haec,
822 1737 948 1824 quibus
963 1737 1056 1803 haud
1073 1737 1239 1804 formidet
1257 1739 1301 1805 ab
1320 1762 1405 1824 unc,

354 1853 421 1920 Pro
442 1853 567 1938 quibus
585 1860 620 1919 et
639 1853 842 1938 cuicumque
860 1852 935 1919 viro
955 1853 1039 1919 satis
1057 1876 1147 1920 unus
1166 1855 1233 1920 erit
1252 1855 1320 1940 vir,

355 1971 517 2056 Quaeque
540 1969 758 2056 importunus
777 1969 949 2034 consumit
967 1969 1118 2050 morbus,
1140 1976 1174 2036 et
1199 1978 1293 2039 aetas
1457 2006 1496 2045 100

353 2087 497 2170 Aderit,
518 2110 560 2153 ex
578 2086 679 2153 nobis
698 2107 809 2170 neque
828 2092 921 2169 sunt,
941 2086 1002 2152 vix
1020 2095 1206 2172 nostraque
1225 2088 1308 2155 dum
1328 2099 1420 2158 sunt.

288 2199 330 2264 15
352 2201 463 2289 Atqui
478 2202 587 2269 animi
606 2201 716 2285 doteS,
736 2200 862 2287 quibus
878 2223 967 2267 unus
983 2201 1078 2267 mille
1098 2208 1287 2288 superstat,

353 2317 525 2403 Queisque
544 2316 627 2383 olim
642 2316 767 2403 grandi
781 2316 912 2383 virtute
931 2322 966 2382 et
984 2317 1096 2382 Marte
1115 2317 1264 2383 secundo

352 2432 544 2500 Edomuere
562 2432 693 2517 orbem,
712 2439 816 2519 atque
835 2440 976 2498 manent
994 2454 1056 2519 per
1075 2432 1165 2498 secla
1184 2433 1347 2518 celebres;
1516 2467 1556 2529 p,
1576 2455 1610 2519 5

353 2547 442 2613 Sunt
459 2568 605 2633 quarum
624 2547 760 2633 ingenti
778 2554 818 2614 ut
837 2548 974 2613 cumulo
992 2547 1056 2612 hac
1080 2553 1192 2613 aetate
1212 2549 1371 2617 adolente
1454 2582 1495 2621 aa

352 2661 505 2748 Insignis
522 2662 693 2748 graditur,
714 2670 882 2748 qnantum
902 2663 986 2729 satis
1001 2686 1074 2747 esse
1092 2669 1238 2750 putatur

284 2781 329 2845 20
352 2779 551 2856 Quamlibet
569 2801 699 2846 annoso
718 2779 816 2867 paria
835 2788 870 2845 et
888 2779 1018 2846 maiora
1034 2779 1168 2844 tenenti

352 2895 506 2983 Sceptra
524 2904 642 2962 tamen
660 2903 794 2962 tantam
814 2896 931 2963 deberi
950 2905 1053 2982 atque
1069 2918 1142 2962 esse
1159 2895 1313 2983 putarim

350 3011 443 3077 Huic
461 3018 625 3096 mentem,
645 3019 685 3078 ut
704 3013 813 3078 celsae
831 3009 956 3078 virtuti
974 3011 1168 3078 adscribere
1187 3016 1315 3077 metam

349 3126 466 3213 Atque
481 3129 621 3194 modum
640 3150 847 3215 quemquam
863 3149 933 3194 non
949 3127 1095 3213 dignum
1111 3126 1249 3193 iudicet.
1268 3128 1379 3195 Immo
1453 3162 1491 3198 110

349 3243 407 3309 illi
425 3251 465 3309 ut
483 3244 520 3309 in
540 3245 746 3310 immensum
762 3265 834 3310 sese
853 3242 975 3310 efferat
996 3242 1228 3328 insinuatque,

282 3369 326 3434 25
348 3361 392 3427 In
411 3362 557 3428 formam
576 3362 687 3458 magis
704 3368 808 3449 atque
827 3361 938 3447 magis
957 3360 1128 3447 surgendo
1147 3360 1298 3426 Deorum

348 3480 395 3545 Et
414 3502 499 3566 qnos
518 3480 608 3545 ferre
628 3464 731 3565 qtieat
750 3503 823 3546 sors
841 3479 926 3546 haec
944 3477 1062 3546 fatalis
1080 3479 1240 3562 honores,

349 3596 428 3663 Non
447 3596 553 3662 ullam
572 3595 656 3662 satis
675 3619 747 3662 esse
766 3602 867 3684 putet
885 3602 960 3661 tum
981 3594 1129 3681 denique
1146 3595 1265 3661 vitam.

349 3711 442 3797 Ergo
462 3733 531 3776 non
555 3710 725 3777 mediocre
741 3710 826 3776 mihi
846 3718 1021 3797 comperta
1039 3710 1170 3792 labore,
1452 3742 1491 3784 na

350 3828 444 3905 Quae
463 3828 500 3892 in
524 3827 606 3892 solis
625 3826 718 3894 disco
738 3827 893 3893 inveniet
912 3827 1101 3915 descripta,
1117 3850 1180 3894 nec
1199 3850 1316 3893 excors

282 3940 326 4005 30
348 3941 485 4008 Techna
505 3941 736 4029 sophistarum
755 3965 866 4028 neque
884 3941 976 4008 zelus
995 3941 1275 4029 presbyterorum

349 4059 498 4145 Arguat,
518 4065 553 4123 et
572 4080 698 4144 magno
716 4081 788 4124 non
807 4058 896 4124 ullus
915 4057 1073 4146 principe
1091 4057 1197 4144 digna

350 4173 495 4240 Censeat
514 4197 586 4240 esse
605 4175 733 4258 minua,
753 4174 783 4240 si
806 4181 888 4241 suut
906 4180 1100 4262 perspecta,
1120 4180 1267 4261 reporto.

355 4348 501 4356 ——...-.-.
511 4351 526 4356 ..
539 4351 566 4357 -
1215 4351 1484 4363 ——u—

442 4435 471 4484 11
490 4442 563 4484 tame
626 4434 899 4500 supradictorum
