3428 5138
463 444 617 494 aerrcvm
638 447 808 497 unvunavs
828 451 1095 499 uarunuarmos.
1303 436 1342 497 19

562 759 978 860 FIGVRATIO

746 985 795 1020 SEV

350 1171 395 1216 Du
417 1171 523 1217 'rmvu
544 1172 727 1218 PRINCIPVM
749 1174 948 1221 FIGVRABVM
976 1177 1203 1242 uouufflouu,

643 1313 705 1358 PRO
731 1314 900 1360 OPERIBVS.

592 1743 872 1819 MEMBRVM
904 1744 944 1818 H

288 1984 584 2063 Quemadmodum
603 2009 779 2055 mensuras
802 1989 988 2076 originales
1010 1991 1212 2078 praecipuas
1233 1999 1337 2079 atque

198 2109 317 2177 finales
336 2110 421 2177 duas
443 2110 622 2196 habemus,
646 2119 776 2178 rectam
799 2113 961 2180 videlieet
983 2115 1110 2181 lineam
1134 2122 1238 2202 atque
1263 2140 1337 2183 cur·

197 2256 290 2319 vam,
311 2235 360 2300 ita
379 2241 414 2300 et
433 2235 618 2323 originales
633 2236 809 2324 principes
828 2243 932 2322 atque
948 2238 1089 2305 ultimas
1105 2237 1233 2326 figuras
1252 2241 1337 2308 duas

198 2359 376 2444 habemus,
394 2362 611 2449 triangulum
633 2362 796 2429 videlicet
819 2369 923 2449 atque
946 2364 1123 2431 circulum.
1143 2365 1336 2433 Universae

130 2499 175 2564 10
198 2486 326 2576 quippe
346 2488 477 2575 figurae
493 2495 554 2555 aut
567 2488 632 2554 hae
646 2488 733 2555 duae
750 2495 844 2573 sunt,
859 2496 920 2556 aut
936 2512 978 2556 ex
993 2490 1126 2557 duabus
1142 2491 1235 2558 hisee
1249 2514 1338 2559 oom-
1378 2499 1382 2509 '

195 2612 338 2701 positae.
372 2613 537 2680 Minimae
576 2636 712 2700 quoque
743 2621 860 2702 partes
895 2616 1126 2702 minimaeque
1156 2640 1336 2685 mensurae

196 2745 300 2827 atque
318 2740 500 2824 maximae,
521 2740 611 2806 siout
634 2746 669 2806 et
687 2740 819 2827 figurae
841 2741 1011 2807 maximae
1034 2749 1138 2829 atque
1156 2743 1334 2828 minimae,

195 2864 281 2931 istae
305 2871 386 2932 sunt
411 2864 594 2949 duntaxat,
617 2872 658 2931 ut
676 2865 889 2953 probabitur.
921 2866 1023 2932 Prius
1049 2867 1159 2954 igitur
1185 2868 1333 2955 figuram

194 3012 266 3057 esse
289 2996 426 3077 oportet
450 3012 553 3077 quam
576 3013 782 3057 mensuram.
810 2992 1033 3081 Figuratum
1042 2993 1170 3081 quippe
1198 2999 1335 3081 oportet

128 3120 169 3184 15
193 3137 266 3183 esse
281 3115 465 3181 minimum
484 3114 571 3182 illud
590 3117 646 3182 eui
665 3117 849 3184 conveniat
867 3125 1001 3205 partem
1021 3141 1093 3185 esse
1112 3119 1279 3204 aliquam,
1299 3125 1335 3185 et

191 3239 324 3328 aliquid
343 3239 469 3305 metiri.
485 3241 528 3305 In
546 3239 611 3307 hoe
629 3263 778 3329 namque
795 3265 921 3329 genere
940 3252 1056 3331 partes
1075 3243 1173 3328 alias,
1190 3244 1228 3309 in
1247 3266 1333 3329 quas

189 3390 300 3456 genus
319 3366 433 3455 ipsum
451 3367 660 3452 resolvatur,
680 3389 751 3434 non
770 3368 930 3455 exquirit.

277 3495 426 3583 Figurae
444 3515 526 3581 ergo
545 3502 615 3561 tres
635 3495 891 3582 omniparentes
904 3494 1075 3581 (quamvis
1089 3494 1201 3562 adhue
1213 3517 1332 3562 earum
1355 3507 1452 3572 b3v

189 3626 470 3694 fabricandamm
486 3627 575 3692 ratio
589 3647 659 3693 non
678 3626 724 3692 sit
743 3625 904 3708 adducta)
923 3624 1087 3691 docturus
1110 3631 1191 3690 ante
1215 3623 1332 3691 oeulos

122 3759 167 3824 20
189 3752 326 3838 obiicio,
338 3758 378 3819 ut
390 3751 428 3818 in
440 3751 525 3840 ipsis
540 3750 720 3819 universos
736 3750 821 3816 artis
832 3749 974 3816 huiusce
987 3749 1153 3816 terminos
1166 3748 1330 3837 aperiam.

187 3880 244 3946 lta
266 3902 345 3946 eum
369 3878 430 3965 qui
452 3884 567 3966 partes
591 3876 741 3943 hominis
765 3875 917 3942 iudicare
945 3875 1111 3960 decrevit,
1134 3875 1232 3963 prius
1255 3875 1331 3941 uni·

187 4031 325 4076 versum
338 4008 567 4096 compositum
580 4013 684 4092 atque
698 4004 885 4071 formatum
901 4005 1050 4071 obiectet
1065 4010 1215 4091 oportet,
1228 4026 1331 4090 quam

188 4158 276 4223 quae
291 4136 474 4224 sigillatim
488 4135 612 4223 inipso
625 4141 835 4202 concurrunt
852 4140 957 4219 atque
973 4133 1235 4222 comperiuntur
1253 4131 1335 4198 insi·

191 4307 513 4317 m**-·-
521 4307 637 4313 .-..—--
644 4306 815 4312 --——-.--.
830 4306 875 4311 -.
884 4303 1244 4314 *ψ’..α--ι-..ῥῄ
1257 4306 1317 4314 .-

280 4414 312 4465 23
328 4413 486 4481 sygilletim
550 4412 730 4480 comperiun-
747 4411 805 4477 (aio)
