3428 5138
567 408 881 456 conrnurmrrouns
902 409 945 452 nx
967 408 1096 454 mmuo.
1346 392 1402 450 191

258 568 439 653 Integrum
458 590 498 633 00
516 589 657 654 purum,
678 573 738 632 aut
758 565 940 632 confusum
954 565 1117 652 milleque
1135 564 1286 630 mixtum
1383 593 1407 633 15

258 685 555 771 Compaotumque
573 683 697 767 modis,
716 683 801 752 visis
820 683 862 748 de
877 683 1035 771 partibus
1055 689 1185 766 actum,

262 799 450 866 Ordinibus
468 800 565 865 varie
584 798 776 866 innumeris
795 799 999 866 coeuntibus
1017 799 1100 864 illio.

262 915 427 981 Sensibili
443 916 480 981 in
499 938 617 982 veram
636 915 767 982 formae
786 939 821 983 se
839 916 1000 982 attollere
1019 922 1171 982 mentem

217 1032 238 1097 5
261 1031 341 1097 Non
360 1031 477 1116 datur,
497 1038 536 1097 ut
555 1054 680 1120 puram
699 1031 826 1098 mentis
842 1033 991 1120 speciem
1008 1054 1120 1117 neque
1140 1053 1260 1098 sensus

262 1145 485 1232 Adsequitur.
506 1147 621 1214 Variis
639 1148 737 1215 varia
752 1155 805 1214 est
824 1155 972 1235 cognata
989 1154 1157 1236 potestaa3
1380 1175 1406 1212 20

262 1262 368 1329 Auris
388 1263 481 1329 enim
499 1265 611 1330 lucem
628 1288 698 1330 non
718 1265 871 1353 concipit
890 1272 993 1352 atque
1013 1265 1155 1348 colerae,

263 1378 312 1444 Ut
331 1401 442 1464 neque
461 1402 614 1446 rumores
633 1379 724 1447 oculi
743 1381 996 1470 strepitumque
1015 1404 1223 1466 sonumque,

262 1493 376 1560 Unius
395 1495 432 1559 in
449 1496 587 1582 generis
612 1498 770 1583 quamvis
790 1497 1026 1584 complexibus
1045 1497 1198 1563 haerent.
1430 1508 1470 1569 1)-
1484 1492 1554 1555 58

198 1613 240 1677 10
263 1608 428 1677 Sensibus
448 1611 622 1678 obiectum
641 1614 751 1680 multo
771 1613 886 1679 minus
906 1636 987 1700 ergo
1007 1620 1158 1700 vagatur

262 1727 371 1793 Extra
389 1750 465 1793 oras
482 1728 614 1816 proprii
633 1731 786 1816 generis,
806 1731 960 1797 triclinia
981 1729 1107 1797 mentis

262 1843 312 1910 Ut
330 1866 459 1930 purum
478 1845 642 1931 attingat.
659 1846 742 1912 Veri
760 1846 874 1912 finitio
894 1845 983 1932 cycli

263 1959 315 2025 Ac
334 1961 424 2026 ratio
443 1983 563 2026 sensus
578 1961 672 2048 fugit
690 1984 823 2046 omnes,
841 1962 984 2049 ipseque
1002 1961 1165 2027 substans

262 2075 326 2140 Est
345 2076 454 2142 oculis
474 2099 590 2143 coram
607 2078 745 2144 modulo
764 2101 827 2166 pro
847 2077 1014 2144 materiei.

199 2195 239 2258 15
264 2194 370 2259 Porro
390 2193 481 2259 idem
497 2195 586 2260 nulli
605 2218 685 2261 vere
704 2196 936 2283 cognoscitur,
956 2194 1021 2260 etsi

264 2308 353 2375 Vere
372 2309 464 2376 adsit
481 2333 659 2397 praesens;
679 2334 781 2398 quem
800 2334 886 2377 num
904 2311 950 2378 sit
967 2332 1047 2376 mox
1065 2310 1254 2376 videamus.
1382 2337 1409 2375 ao

346 2534 506 2614 Pluribus,
529 2545 688 2598 uteorum
709 2539 803 2599 moris
831 2547 892 2615 est,
918 2538 1102 2598 inducuntur
1119 2536 1308 2615 argumentis
1332 2535 1409 2614 peri·

265 2652 392 2731 patetici
409 2652 449 2712 ad
466 2654 656 2732 probandum
678 2675 801 2717 sensum
818 2655 900 2735 falli,
929 2656 1080 2717 adversus
1107 2655 1249 2733 antiquos
1277 2654 1410 2735 philoso-

266 2770 345 2849 phos
362 2791 485 2832 sensum
502 2791 600 2851 neque
618 2772 685 2833 falli
702 2793 800 2853 neque
823 2774 932 2835 fallere
950 2794 1041 2854 posse
1070 2773 1294 2835 confirmantes.
1319 2772 1410 2832 Diffi·

199 2878 243 2941 20
266 2889 397 2948 cultates
431 2889 557 2950 huiusce
595 2892 718 2967 generis
756 2891 948 2951 adducuntur
983 2891 1146 2970 plurimae,
1185 2910 1312 2968 quarum
1351 2889 1409 2950 has

264 3006 511 3070 animadvertere
538 3009 682 3088 sufficiat,
708 3019 740 3071 et
767 3030 844 3088 quae
870 3033 907 3072 ex
939 3032 973 3071 re
998 3011 1128 3088 visibili,
1149 3019 1294 3090 corrupta
1316 3016 1409 3087 atque

265 3102 404 3186 distante
422 3134 617 3204 praesentem
642 3129 855 3206 integramque
881 3129 1015 3208 speciem
1042 3136 1189 3207 reportat.
1216 3129 1265 3188 Ex
1291 3127 1408 3206 ingenti

265 3243 474 3319 magnitudine
492 3245 569 3306 solis
590 3244 711 3324 pedalis
729 3247 812 3306 orbis
829 3246 1059 3308 similitudinem
1077 3254 1252 3326 conceptat;
1264 3246 1296 3306 in
1313 3266 1409 3323 aquae

266 3358 359 3419 fundo
383 3359 519 3421 visibilia
532 3361 648 3421 maiora
666 3361 828 3437 diiudicat;
846 3363 896 3422 nni
908 3363 1024 3423 auditui
1036 3362 1235 3439 delectabile,
1253 3361 1344 3423 alteri
1361 3373 1409 3424 est

199 3479 241 3542 ‘25
265 3476 472 3553 iniooundum;
502 3478 582 3555 quod
611 3479 650 3539 ad
677 3500 768 3540 unum
790 3480 914 3540 excellit
946 3480 1080 3557 oculum,
1108 3479 1148 3539 ad
1173 3480 1266 3539 alium
1290 3478 1406 3554 defioiu

266 3596 353 3656 cibus
371 3597 421 3673 qui
439 3598 530 3676 paulo
552 3605 623 3658 ante
650 3596 793 3658 famelico
825 3607 891 3658 erat
918 3596 1033 3676 dulcis,
1057 3599 1180 3676 expleta
1207 3597 1289 3659 fame
1309 3598 1410 3677 gignit
1457 3614 1460 3623 ·

265 3737 428 3792 nauseam
452 3716 569 3778 asinino
587 3718 691 3794 gustui
713 3717 798 3778 lenes
816 3716 934 3796 cardui,
961 3718 1092 3777 humano
1117 3717 1291 3796 asperrimi5
1310 3716 1409 3778 cicuta

266 3838 502 3898 iucundissimus
513 3857 623 3916 caprae
637 3837 733 3913 cibus,
745 3836 858 3897 homini
871 3835 1018 3911 exitialis3
1033 3837 1171 3914 hyaenae
1185 3836 1261 3896 nihil
1278 3835 1408 3898 humano

267 3970 404 4020 stercore
423 3958 601 4038 optabilius,
621 3966 653 4018 ot
673 3956 762 4017 homo
781 3965 916 4016 stercore
935 3961 966 4015 01
983 3955 1172 4034 putridomm
1194 3955 1317 4017 testium
1339 3976 1410 4033 quo·

201 4083 245 4146 30
268 4075 394 4136 modam
419 4076 592 4135 animalium
610 4073 754 4154 primarie
780 4073 964 4148 delectatur,
995 4073 1100 4132 simius
1129 4073 1216 4134 simio
1243 4073 1409 4152 pulcherri-

268 4215 366 4271 mum,
386 4193 500 4253 homini
528 4202 627 4252 autem
656 4199 784 4267 uterque
804 4191 937 4251 festivae
962 4190 1170 4269 turpitudinis.
1192 4189 1408 4251 Melancholici

860 4356 992 4363 .--·—----
1030 4358 1072 4363 -..
1086 4358 1091 4363 .
1123 4357 1148 4364 ...
1164 4358 1175 4363 ..
1274 4357 1291 4364 ..
1317 4358 1322 4363 .
1340 4358 1348 4363 .
1373 4358 1403 4367 .-

361 4449 393 4498 28
410 4448 519 4514 hyenae
