3428 5138
468 451 513 497 mr
532 449 708 498 remorsus
728 450 907 498 uuusvsas
927 448 969 496 ετ
989 451 1146 496 mausus.
1318 435 1377 494 285

677 708 738 757 Quid
758 709 942 760 superficies.

234 861 367 949 Estque
390 863 634 951 superficies
654 864 763 931 solido
782 856 1025 931 iuniumurodo
1045 864 1139 947 finis,

236 978 301 1044 Oui
320 1001 400 1067 pars
418 982 641 1069 perlongum
661 987 799 1048 lanium
817 982 995 1068 latumque
1014 982 1157 1048 tributa.
1353 1010 1380 1047 20

714 1201 774 1250 Quid
794 1205 913 1242 stemus.

192 1361 212 1424 ὃ
236 1359 300 1424 Est
327 1366 484 1425 atomus
503 1359 685 1425 minimum
704 1360 849 1445 lengum
868 1356 977 1424 laium
997 1365 1101 1443 atque
1119 1355 1334 1444 profundum

237 1474 414 1562 Corporis,
435 1482 469 1541 ei
487 1477 579 1563 poiis
598 1483 650 1543 esi
668 1499 749 1564 pars
768 1498 840 1542 esse
859 1497 899 1541 ae
917 1474 1087 1541 terminus
1106 1474 1190 1562 ipsa.

725 1691 785 1740 Quid
806 1692 896 1732 filum.

236 1845 288 1910 Ex
308 1846 433 1912 atomis
452 1845 598 1934 simplex
616 1846 759 1933 longum
778 1845 879 1913 mode
898 1847 1040 1913 nomino
1058 1846 1192 1928 filum,
1284 1833 1290 1842 ⁵

236 1960 399 2049 Corporis
418 1969 453 2027 ei
470 1963 563 2049 polis
583 1969 635 2028 esi
653 1985 734 2050 pars
753 1985 825 2029 esse
843 1969 879 2028 ei
897 1963 1067 2029 terminus
1085 1963 1211 2051 ipsum.

172 2151 214 2216 10
640 2179 700 2228 Quid
721 2181 801 2222 orsu
822 2185 845 2224 a
867 2182 985 2224 rumine.
1382 2166 1423 2227 p.
1442 2151 1541 2214 146

237 2332 357 2399 Orbis
375 2339 415 2399 ui
433 2340 486 2399 esi
504 2334 681 2420 sphaerae,
703 2342 738 2400 ei
756 2334 910 2402 dimenso
930 2344 982 2402 esi
1000 2337 1209 2424 pyramidali
1356 2366 1384 2405 ss

236 2449 416 2534 Lamina,
437 2473 525 2536 quae
544 2458 595 2516 esi
614 2451 720 2538 longo
737 2453 877 2539 latoque
898 2455 1047 2521 secabile
1066 2478 1200 2543 eorpus.

642 2670 703 2718 Quid
724 2682 830 2722 eorpus
851 2673 982 2713 formatum.

239 2822 337 2901 Quod
356 2822 499 2889 definito
518 2846 664 2909 eumque
683 2831 735 2890 esi
754 2825 817 2891 sub
837 2824 977 2891 nomine
996 2810 1144 2913 eorpus

173 2939 214 3003 lb
237 2938 441 3023 Dividuum,
461 2939 499 3004 in
518 2938 622 3006 dietis
640 2946 823 3028 reputatur
841 2940 995 3028 eorporis
1014 2948 1122 3007 seius.
1166 2958 1172 2971 ·

655 3158 715 3208 Quid
737 3162 825 3201 totum
847 3163 870 3200 et
891 3170 966 3211 pura

239 3310 336 3377 Pars
355 3318 408 3376 esi
426 3311 464 3376 in
482 3317 556 3378 toto
576 3311 745 3398 quidquid
763 3313 880 3400 capias
900 3312 1016 3379 minus
1035 3312 1126 3401 ipso,

238 3424 383 3492 Teium
401 3434 453 3493 esi
472 3434 688 3516 compostum
707 3428 799 3514 qued
817 3429 976 3516 partibus
995 3430 1155 3496 omnibus
1175 3430 1280 3497 extat.
1355 3462 1384 3501 so

700 3651 761 3699 Quid
781 3662 925 3693 mensura.

172 3828 217 3892 20
239 3814 427 3881 Mensura
446 3822 499 3881 esi
517 3822 630 3882 totum
650 3822 847 3882 monstrans
867 3821 1004 3902 sumpta
1023 3821 1127 3900 atque
1145 3823 1322 3902 resumpta

241 3930 416 4009 Quantum
435 3932 494 4015 εἰη
514 3932 696 3999 minimum
715 3932 794 3998 finit
811 3931 1021 4018 generaliter
1039 3931 1162 4019 ipsum.

489 4151 549 4201 Quid
570 4153 673 4205 maius,
695 4153 799 4204 miuus,
821 4152 954 4203 aequale,
975 4149 1140 4200 inaequale.

240 4314 277 4382 Si
294 4323 346 4383 esi
361 4334 540 4403 superans,
551 4323 602 4382 esi
618 4323 653 4381 ei
671 4316 813 4399 maius,
833 4313 926 4400 qued
942 4313 1008 4379 erit
1024 4334 1160 4399 quoque
1180 4310 1380 4398 iniquum;

239 4433 420 4520 Aequum
440 4438 492 4498 esi
511 4431 724 4517 quamius,
744 4453 812 4518 quo
832 4454 895 4497 nee
913 4430 1047 4497 minus
1065 4428 1266 4516 accipietur.
