3428 5138
598 445 643 491 on
664 447 868 493 ruvnrrrroun
888 444 1011 493 uiuum.
1313 428 1372 491 26?

233 599 417 688 Sphaerale
438 602 474 666 in
494 603 652 689 sphaera,
672 604 882 689 triquetrum
900 604 1111 690 planumque
1130 602 1308 698 trigonum
1348 630 1374 669 a.

232 719 275 785 In
293 719 411 807 plane,
433 742 579 805 quorum
598 721 721 788 similis
738 721 779 787 de
799 722 939 811 cuspide
957 745 1036 810 pars
1054 729 1114 788 est.

312 971 356 1031 Ut
371 970 527 1032 minimum
542 973 730 1052 primamque
748 973 962 1052 partemlieet
981 973 1152 1048 invenisse,
1172 973 1216 1032 ita
1232 978 1263 1032 et
1279 991 1318 1032 ex
1334 971 1377 1030 in-

233 1091 408 1153 differentia
425 1091 578 1172 suppositi
596 1092 710 1153 minimi
725 1113 813 1153 arcus
834 1103 866 1154 et
886 1093 1028 1152 minimae
1053 1091 1185 1152 chordae
1203 1091 1253 1153 via
1271 1101 1320 1153 eet
1336 1092 1375 1152 ad

189 1205 210 1269 5
233 1211 410 1290 possibilem
429 1211 534 1271 circuli
561 1211 792 1289 quadraturam,
821 1231 930 1290 nempe
952 1212 991 1272 ab
1013 1211 1195 1272 extrinsecis
1222 1211 1378 1289 positioni·

233 1329 291 1387 bue
309 1327 392 1407 (quia
409 1329 447 1387 ab
465 1327 631 1388 intrinseco
652 1348 713 1388 non
735 1335 783 1388 est
801 1327 972 1407 possibilie,
990 1336 1025 1389 ut
1042 1328 1252 1399 ostendemus)
1275 1335 1306 1387 et
1323 1346 1379 1406 per

233 1444 429 1523 perimetrum
443 1443 591 1504 duntaxat
602 1445 820 1523 accipiendam.
835 1442 1031 1504 Communem
1046 1444 1121 1504 item
1132 1442 1288 1504 iuvenisse
1299 1462 1378 1502 men-

235 1582 336 1622 suram
354 1568 403 1623 est
423 1560 616 1638 facillimum,
634 1561 772 1621 invenire
789 1560 924 1639 inquam,
942 1562 1047 1622 videre
1064 1569 1096 1622 et
1116 1561 1287 1634 nominare;
1305 1559 1379 1620 licet

235 1677 266 1737 in
283 1677 364 1737 datie
382 1677 645 1756 magnitudinibus
663 1677 778 1737 minimi
797 1697 851 1738 eeu
869 1678 986 1757 primae
1004 1685 1036 1738 et
1053 1677 1196 1756 propriae
1210 1676 1294 1737 illius
1311 1696 1379 1754 par-

169 1796 212 1860 10
235 1797 276 1858 tis
294 1796 494 1875 exiguitatem
512 1795 635 1857 tradere
656 1815 850 1873 nequeamus
882 1796 1058 1858 Communis
1083 1815 1226 1857 mensura
1252 1794 1378 1854 duarum

235 1921 388 1974 rectarum
407 1922 439 1975 et
454 1914 662 1992 heterogenea
684 1921 732 1975 est
747 1914 889 1993 circulus,
908 1934 964 1994 per
981 1933 1072 1990 quam
1099 1911 1266 1973 Bressiano
1288 1929 1381 1989 opere

237 2031 455 2110 examinentur,
468 2031 589 2108 quoties
601 2032 632 2092 in
644 2033 751 2093 eodem
763 2032 1048 2111 comprehendatur,
1062 2031 1146 2090 cuiue
1158 2029 1254 2090 maior
1271 2035 1320 2088 est
1334 2047 1382 2086 ra-

236 2148 305 2209 dius
319 2149 369 2209 val
385 2148 543 2211 diameter.
556 2149 658 2210 Minor
670 2170 743 2211 vero
763 2151 878 2211 chorda
891 2149 1103 2228 qualisqualis
1115 2148 1381 2225 estHomogenea

238 2287 381 2328 mensura
392 2274 441 2328 est
451 2267 623 2344 triangulus
639 2267 818 2347 sphaericus
830 2288 961 2347 arcuum,
976 2274 1007 2329 θῖ
1019 2266 1197 2329 rectilineus
1210 2264 1380 2346 (Charitum

175 2377 217 2443 15
240 2383 1381 2468 nempecythara)rectarum.Communieitemmensuranobisestduplex;

239 2513 336 2566 totum
349 2505 496 2567 videlicet
513 2505 705 2567 diversarum
722 2504 869 2584 partium,
887 2512 918 2565 et
932 2504 1008 2566 haec
1020 2514 1069 2566 eet
1081 2504 1246 2579 indirecta3
1266 2511 1297 2563 et
1308 2521 1381 2580 pars

240 2625 432 2687 diversorum
448 2625 651 2701 integrorum,
669 2629 701 2683 et
717 2623 794 2683 haee
808 2630 857 2683 est
871 2622 999 2684 directa.
1013 2622 1117 2683 Primo
1129 2621 1219 2683 modo
1230 2620 1382 2681 duodena·

239 2741 317 2802 rium
330 2753 378 2804 est
391 2760 534 2802 mensura
542 2741 709 2803 communis
721 2741 854 2802 omnium
866 2747 1078 2802 contentorum
1090 2741 1146 2801 sub
1157 2739 1233 2818 ipso,
1246 2750 1281 2798 ut
1291 2736 1383 2797 unde-

238 2859 317 2919 narii
333 2858 414 2936 quod
432 2859 569 2920 continet
586 2865 683 2919 totum
701 2878 768 2917 cnm
787 2856 946 2918 undecima
967 2865 1056 2935 parte
1073 2855 1132 2933 sui,
1157 2855 1276 2916 denarii
1302 2854 1382 2931 quod

172 2965 217 3029 20
239 2976 376 3036 continet
392 2981 489 3035 totum
506 2995 573 3035 oum
589 2975 694 3051 quinta
710 2983 799 3053 parte
820 2975 867 3034 sui
881 2982 939 3035 eto.
957 2972 1096 3035 Secundo
1113 2971 1203 3031 modo
1216 2970 1382 3032 ternarium

238 3102 286 3155 est
304 3111 446 3154 mensura
467 3091 634 3152 communis
661 3091 789 3168 senarii,
818 3091 975 3151 novenarii
985 3096 1002 3167 ,'
1021 3089 1209 3150 duodenarii.
1238 3088 1384 3149 Mensura

239 3210 406 3270 communie
422 3208 521 3288 prima
539 3217 588 3270 eet
605 3228 677 3286 una,
697 3227 806 3286 nempe
821 3207 991 3284 minimum,
1008 3214 1040 3268 et
1053 3206 1112 3266 hoc
1129 3204 1254 3283 duplex;
1270 3203 1380 3282 simpli·

239 3329 330 3405 citer,
354 3335 385 3389 et
402 3328 447 3389 sic
465 3335 513 3388 est
530 3326 613 3404 apud
629 3334 782 3401 naturam;
802 3333 834 3385 et
850 3325 881 3384 in
897 3341 1025 3402 genere,
1052 3331 1083 3384 et
1104 3323 1148 3383 ita
1169 3323 1268 3383 adhuc
1286 3321 1384 3401 dupli·

242 3446 334 3524 citer,
346 3446 385 3506 ad
398 3465 521 3507 sensum
532 3444 681 3506 videlicet
691 3452 722 3505 et
734 3444 773 3504 ad
789 3443 950 3504 rationem.
969 3441 1016 3501 Ex
1031 3441 1080 3502 hie
1097 3441 1196 3502 modis
1209 3440 1283 3503 licet
1293 3439 1382 3501 nobis

176 3560 220 3626 25
237 3562 430 3640 investigare
445 3571 476 3622 θῖ
492 3562 640 3623 invenire.

339 3815 370 3863 13
380 3815 458 3877 soree
472 3810 539 3862 telio
554 3811 648 3877 qualia
710 3811 740 3859 24
757 3808 810 3877 Ex]
824 3811 846 3860 E
