3428 5138
366 393 424 453 174
670 411 809 457 rounam
830 411 932 456 novur
953 412 998 457 nn
1018 412 1153 475 nruruo,
1175 411 1196 456 1.

364 583 441 640 quae
473 562 555 641 ignis
587 563 766 641 operatione
797 574 1012 645 segregantur,
1042 567 1213 644 cbirnrgico
1240 587 1295 628 eeu
1327 564 1502 626 anatomico

365 700 449 759 caro,
460 699 542 756 ossa,
556 679 657 758 nervi,
671 680 877 758 cartilagines,
892 681 1003 759 pictori
1018 683 1132 763 capilli,
1146 702 1255 759 genae,
1272 681 1363 760 auris,
1378 680 1508 760 digitus,

366 798 483 872 oculus;
516 797 588 873 quia
614 797 763 877 pictorem
790 819 851 858 nou
878 798 967 860 decet
998 799 1180 879 profundius
1211 799 1363 879 principia
1389 798 1510 862 formae

309 937 312 943 ·
366 919 525 980 exterioris
541 917 705 997 inspicere,
719 917 908 996 chirurgicus
923 925 1009 980 extra
1021 939 1094 980 suas
1105 926 1202 978 metas
1220 918 1326 979 harum
1339 916 1507 997 primarum

321 1037 342 1100 5
366 1036 424 1097 sibi
442 1037 577 1114 partium
598 1043 704 1114 partes
725 1034 764 1095 ad
790 1035 874 1095 aliud
893 1055 989 1113 genus
1006 1037 1161 1097 transiens
1181 1035 1322 1114 accipere
1339 1035 1507 1112 niteretur,

366 1156 501 1217 medicus
529 1154 658 1215 ridicule
685 1173 753 1214 cum
778 1152 961 1232 philosopho
988 1153 1121 1231 amagis
1145 1151 1323 1233 particulari
1352 1151 1509 1213 abstrahe·

366 1279 415 1333 ret
431 1271 578 1348 subiecto,
599 1270 804 1349 Empedocles
821 1291 840 1330 a
856 1269 963 1346 primis
984 1268 1181 1329 sensibilibus
1196 1268 1323 1349 physice
1340 1267 1507 1345 exorditur,

366 1391 459 1452 Plato
482 1411 500 1451 a
518 1391 625 1469 primis
640 1388 771 1467 quantis,
793 1389 991 1468 Pythagoras
1016 1410 1033 1449 a
1058 1387 1164 1467 primis
1180 1386 1370 1467 simpliciter.
1391 1388 1512 1448 Tamen

368 1507 452 1588 prius
471 1517 519 1569 est
537 1506 747 1586 Pythagorica
767 1526 886 1580 monas,
904 1527 993 1583 quarn
1011 1526 1118 1566 monas
1135 1506 1247 1567 alicubi
1264 1482 1336 1583 sita;
1359 1506 1444 1584 prius
1462 1514 1512 1567 eet

304 1628 346 1690 10
368 1624 496 1686 materia
518 1644 677 1703 corporum
702 1623 843 1700 Platoni,
866 1643 956 1700 quam
970 1644 1099 1704 corpora
1115 1623 1290 1701 qualificata
1315 1621 1509 1702 Empedocli3

371 1744 455 1822 prius
472 1751 543 1804 sunt
564 1752 695 1820 quatuor
709 1741 860 1822 simplicia
876 1742 1070 1822 Empedocli,
1090 1764 1179 1821 quam
1191 1750 1322 1820 quatuor
1338 1743 1455 1823 primae
1472 1742 1512 1804 de

371 1859 559 1940 simplicibus
586 1859 812 1939 complexiones
828 1859 956 1920 medico.
978 1861 1027 1921 Ita
1044 1861 1161 1938 reliqua
1183 1860 1248 1922 suis
1270 1859 1428 1920 ordinibus
1445 1879 1515 1920 con·

369 1986 548 2055 sequuntur,
566 1977 645 2039 etin
665 1976 749 2037 scala
763 1977 913 2038 scibilium
935 1977 992 2037 bae
1013 1976 1136 2055 quidem
1156 1977 1195 2037 ab
1216 1976 1431 2049 inferioribus,
1447 1977 1507 2040 heo

370 2114 443 2155 vero
460 2115 478 2155 a
495 2093 704 2173 superioribus
720 2093 868 2170 gradibus
885 2093 1032 2156 scientiae
1051 2094 1210 2155 exordium
1231 2103 1262 2155 et
1288 2095 1386 2176 prima
1413 2095 1506 2156 susci·

306 2220 347 2285 15
371 2212 458 2291 piunt
474 2212 633 2272 elementa.
651 2210 688 2269 Iu
705 2211 846 2288 analogia
860 2211 954 2289 igitur
967 2211 1098 2289 quadam
1114 2212 1145 2272 in
1160 2211 1426 2292 contemplationis
1445 2213 1506 2273 uni-

371 2330 519 2392 versitate
536 2329 691 2389 minimum
708 2335 799 2404 atque
817 2327 999 2408 principium
1015 2338 1064 2391 est
1080 2331 1261 2391 consistens.

450 2446 467 2493 ‘l
488 2451 535 2511 38.
557 2450 641 2527 Ergo
658 2448 718 2508 iam
735 2448 774 2508 ad
789 2468 948 2510 mensurae
970 2469 1067 2526 genus
1080 2450 1259 2522 redeuuteS,
1279 2450 1509 2512 consideramus

371 2577 405 2630 ut
425 2570 472 2630 sol
492 2567 552 2629 iste
574 2589 641 2628 cum
659 2566 777 2645 synodo
796 2566 987 2644 planetarum
1007 2566 1047 2627 ad
1063 2587 1206 2645 magnum
1220 2567 1365 2628 mundum
1379 2576 1429 2630 est
1446 2587 1513 2630 oen·

372 2695 451 2747 trum
475 2695 507 2747 et
528 2686 683 2746 minimum
701 2685 860 2763 quiddam,
879 2693 914 2746 ut
930 2686 1071 2749 minimus
1088 2686 1166 2748 alius
1189 2688 1358 2765 quicunque
1384 2707 1422 2748 ex
1439 2686 1512 2749 visi-

305 2809 350 2873 20
371 2805 484 2868 bilibus
502 2804 633 2865 minimis
651 2824 717 2864 cum
735 2804 799 2865 suis
809 2803 942 2884 planetis
954 2805 1166 2866 circumversis
1183 2826 1244 2866 non
1255 2806 1330 2867 facit
1346 2806 1513 2868 notabilem

373 2920 593 2981 dimensionem
610 2921 712 2998 ullam,
731 2920 784 2997 qui
800 2919 906 2980 maiori
924 2920 1071 2982 distantia
1085 2941 1103 2981 a
1119 2921 1188 2983 visu
1205 2920 1384 3002 seiungitur.
1403 2923 1511 2984 'Pullus

372 3038 433 3099 ista
454 3038 493 3098 ad
511 3048 650 3098 octavam
666 3057 756 3113 quarn
777 3037 982 3114 imaginantur
998 3039 1160 3118 sphaeram
1186 3040 1342 3102 minimum
1368 3050 1430 3117 est,
1459 3040 1515 3101 cir·

373 3155 459 3216 culus
479 3155 510 3213 in
531 3155 621 3233 plano
641 3153 817 3233 adscriptus
834 3153 874 3213 ad
890 3154 1045 3231 tellurem,
1065 3163 1196 3235 punctus
1218 3157 1250 3216 in
1270 3157 1372 3218 medio
1398 3157 1439 3216 ad
1455 3157 1513 3217 cir·

373 3272 486 3350 culum,
505 3271 631 3351 apesin
648 3272 713 3333 eius
729 3280 835 3333 centro
852 3272 892 3332 ad
909 3281 1063 3351 punctum.

825 3636 978 3704 CAPVT
1001 3637 1066 3704 XI.

631 3811 657 3851 ln
672 3815 733 3853 urum
746 3824 828 3863 puriora
840 3815 950 3864 graduale
963 3816 1080 3856 rululmurn
1094 3826 1143 3857 orac
1157 3820 1257 3867 oportet.

465 4023 512 4087 Et
531 4020 765 4087 subiectorum
783 4021 881 4087 varia
899 4042 961 4109 pro
981 4018 1191 4102 conditione,

379 4137 507 4203 Divino
527 4144 562 4202 ct
580 4137 692 4222 logico
711 4144 746 4202 ct
764 4137 908 4224 physico
926 4137 1194 4224 harmonicoque
1213 4143 1410 4226 matresque

379 4254 529 4341 Expedit
548 4278 568 4320 a
587 4254 731 4319 minimo
749 4260 910 4320 naturam
929 4252 1122 4342 expandere
1140 4275 1265 4320 rerum.

384 4383 448 4390 -.
507 4386 543 4391 .—.
558 4386 573 4391 ..
667 4386 673 4390 -
998 4384 1183 4391 -—-——-..-
1201 4384 1212 4389 -.
1230 4385 1242 4390 -
1299 4384 1364 4391 ...υ-
1385 4386 1389 4391 ..
1402 4386 1416 4391 .-
1443 4385 1453 4390 ·.

474 4432 504 4481 13
521 4431 618 4482 scbula
680 4431 713 4482 25
729 4428 812 4499 xllx
