3428 5138
691 432 735 476 na
758 431 923 478 transvau.
1318 413 1378 472 303

232 588 332 667 Quod
349 610 459 674 genus
478 587 515 653 id
534 586 673 675 sophiae
693 585 779 653 solet
798 587 889 652 ultro
909 585 1097 652 adsciscere
1116 589 1258 673 propter

231 704 384 770 Naturae
404 710 543 769 tenuem
561 702 687 788 lucem,
706 725 889 788 rerumque
908 701 1140 789 profundum?
1351 728 1377 765 sc

231 821 307 886 Hac
326 820 449 886 melius
468 820 603 886 ratione
622 819 711 884 nihil
729 818 933 906 produxeris
952 840 1035 904 ergo

232 936 307 1012 Qua
328 936 393 1003 tibi
412 959 490 1002 cunr
509 935 595 1001 fines
615 936 701 1001 certi
721 941 921 1000 statuantur
940 933 983 998 ad
1002 933 1093 1016 illos,

187 1056 208 1120 ὓ
232 1054 307 1120 Hoc
326 1075 426 1141 mage
444 1054 654 1141 productum
672 1061 739 1138 est,
759 1052 846 1119 illud
866 1049 1090 1134 contractius,
1111 1055 1146 1115 et
1163 1072 1233 1115 non

231 1171 295 1236 Est
313 1193 436 1258 operae
456 1170 552 1257 cyclo
572 1177 612 1236 ut
629 1170 746 1236 videas
765 1168 878 1235 medic
898 1167 1074 1255 propiora,

230 1285 390 1372 Hincque
409 1294 541 1353 remota
559 1286 671 1374 magis
691 1308 777 1372 quae
795 1290 945 1371 tangant
961 1283 1119 1370 proxima
1135 1288 1306 1366 centrum,
1352 1309 1377 1348 aa

231 1402 327 1479 Quae
343 1424 431 1489 gyro
451 1424 653 1490 comprensa
671 1408 827 1486 manent,
849 1422 936 1486 quae
955 1400 1046 1465 elata
1064 1397 1244 1479 recedunt,

230 1519 346 1608 Atque
366 1527 405 1587 ut
422 1543 485 1609 per
503 1521 621 1588 stellas
639 1522 751 1587 lucem
770 1519 971 1607 perquirere
990 1518 1080 1585 solis

168 1729 208 1793 10
311 1725 451 1801 Aequale
468 1724 657 1784 Aristotcles
674 1723 830 1804 sapienter
851 1723 987 1801 quidem,
1003 1730 1179 1784 nontamen
1197 1743 1235 1783 ex
1252 1724 1377 1803 propria

232 1843 281 1922 (ut
300 1839 406 1901 videre
424 1841 485 1920 est)
505 1839 639 1917 officina,
657 1838 757 1918 magis
772 1838 930 1918 suscipere
944 1847 1036 1915 atque
1050 1838 1150 1898 minus
1167 1837 1320 1916 definivit;
1337 1837 1376 1898 ad

231 1957 449 2034 aequalitatem
461 1955 573 2035 quippe
588 1955 829 2034 practicantibus
840 1975 983 2016 accessus
997 1955 1093 2015 maior
1107 1973 1176 2015 esse
1190 1954 1377 2033 comperitur

232 2082 324 2151 atque
341 2073 452 2150 minor,
470 2073 633 2150 pervenire
650 2079 751 2131 autem
766 2071 898 2131 minime.

311 2200 328 2247 tl
348 2189 376 2249 3.
399 2187 487 2261 Quod
508 2186 636 2247 dicimus
651 2187 682 2246 in
694 2207 768 2265 uno,
786 2187 886 2266 ipsum
901 2188 932 2247 in
950 2188 1099 2267 omnibus,
1114 2207 1240 2264 quorum
1259 2205 1328 2248 esse
1345 2188 1377 2247 in

167 2308 210 2371 15
234 2305 365 2382 quadam
391 2304 564 2381 latitudine,
595 2323 721 2365 numero
749 2312 840 2381 atque
861 2304 1009 2382 gradibus
1037 2313 1086 2365 est
1113 2303 1298 2381 consistens,
1327 2312 1376 2364 est

232 2418 476 2498 intelligendum.
494 2419 600 2480 Veluti
622 2426 654 2480 et
677 2439 750 2479 vere
774 2420 813 2479 ad
833 2421 1060 2481 exactissimam
1083 2420 1249 2481 eucrasiam
1269 2440 1375 2480 sanum

231 2557 269 2597 ne
288 2536 339 2598 vel
355 2537 387 2596 in
404 2544 557 2596 momento
576 2535 698 2613 quidem
716 2537 790 2597 licet
804 2537 948 2614 inveniri,
968 2536 1088 2614 quando
1105 2537 1277 2598 subiectum
1294 2536 1377 2597 innu-

233 2652 326 2713 meris
342 2660 374 2713 et
391 2650 525 2712 diversis
543 2651 685 2731 partibus
697 2660 746 2713 est
763 2654 973 2732 compositum.

311 2770 395 2830 l27.
417 2767 540 2829 Euclidi
562 2788 725 2848 perperam
746 2789 802 2849 per
826 2770 1014 2849 triangulum
1040 2770 1260 2847 aequilaterum
1285 2770 1377 2831 linea·

165 2889 211 2953 ‘20
231 2905 299 2946 rum
315 2884 485 2962 aequalitas
507 2886 735 2964 comprobatur;
758 2905 856 2964 neque
883 2888 964 2947 enim
991 2896 1041 2948 est
1067 2907 1103 2947 ex
1131 2886 1375 2967 posterioribus,

231 3001 413 3082 praesertim
431 3000 522 3062 etiam
538 3002 569 3061 in
584 3001 751 3082 principio,
766 3001 986 3065 demonstrare.
1004 3003 1092 3063 Idem
1108 3003 1198 3064 nobis
1213 3002 1375 3080 accideret,

232 3117 258 3177 si
282 3136 342 3177 non
362 3116 565 3198 praedefinito
593 3118 705 3178 circulo
735 3139 772 3179 ex
799 3119 934 3181 eiusdem
962 3121 1012 3180 vel
1040 3121 1193 3199 comparis
1220 3119 1375 3179 radiorum

233 3233 418 3310 aequalitate
437 3231 681 3312 procederemus.

677 3604 829 3670 OAPV'P
864 3605 928 3669 III.

419 3775 598 3825 'rumperentur
613 3778 636 3815 et
650 3773 719 3814 modi.
735 3772 753 3812 Α
770 3773 850 3814 malorl
864 3773 924 3823 (μιυά
939 3785 1007 3825 super
1022 3779 1057 3814 cu
1072 3775 1188 3816 abscindo.

321 3974 480 4042 Iustitiae
499 3974 616 4041 radius
634 3997 756 4041 norma
775 3982 827 4042 est
846 3983 881 4040 et
899 3977 1035 4062 regula,
1056 3999 1123 4065 qua
1142 4000 1212 4043 non

233 4092 341 4157 Linea
360 4091 549 4180 pertransit
566 4113 667 4177 quem
686 4098 857 4159 monstrat
873 4093 991 4177 finem,

233 4206 358 4273 Maiori
378 4205 547 4293 quidquid
566 4213 722 4295 superest
741 4214 911 4292 aequante
931 4208 1075 4274 minoris
1377 4220 1418 4282 p-
1435 4205 1532 4269 163

240 4381 491 4390 ——·-—
1179 4384 1376 4395 v-——ffl

325 4469 341 4520 2
356 4484 452 4520 ararica
464 4464 682 4535 l'ialerropativo
