3428 5138
258 424 317 483 25ss
553 436 693 482 manum
714 436 816 481 auum
836 436 882 480 nu
901 436 1038 498 ummo,
1060 435 1108 481 111.

261 595 297 652 12
322 592 453 653 mediam
479 593 535 652 AB
563 592 594 651 iu
621 600 733 672 puncto
762 592 799 668 G,
830 595 867 652 13
893 610 1083 669 quocumque
1110 591 1170 650 alio
1195 598 1309 671 puncto
1331 598 1401 650 uta

257 718 369 788 puncto
397 711 434 796 E,
470 712 508 769 14
541 707 689 786 parallelo
720 709 774 768 PE
804 708 941 786 reliquae
971 707 1004 767 id
1034 719 1083 769 est
1114 709 1175 788 ipsi
1202 710 1272 785 Ao,
1301 711 1339 770 15
1359 707 1400 768 ad

258 835 372 888 sectum
386 827 451 904 ΑΒ,
463 828 501 884 16
517 826 580 886 illio
590 825 623 885 id
633 834 682 885 est
692 825 723 884 iu
734 833 846 904 puncto
865 826 902 905 G,
912 824 980 910 (ll)
990 825 1105 886 indicet
1120 845 1282 904 expressas
1294 833 1401 904 partes

256 967 365 1008 novem
382 965 450 1006 cum
464 944 601 1022 residuo,
619 944 700 1020 quod
717 944 768 1005 vel
784 963 840 1023 por
867 964 901 1006 se
929 945 977 1006 vel
1004 964 1060 1024 per
1084 944 1216 1004 alterum
1242 941 1400 1004 residuum

213 1061 233 1125 a
256 1066 353 1126 maius
373 1075 422 1125 est
449 1061 681 1123 examinandum
704 1082 742 1122 ex
761 1063 827 1122 basi
849 1063 911 1140 Bo,
939 1061 1064 1122 utalia.
1087 1061 1182 1122 Cuius
1208 1061 1398 1140 operationis

256 1181 476 1243 demonstratio
495 1186 647 1255 tamquam
661 1197 699 1238 ex
714 1178 864 1256 principio
882 1177 1057 1238 immediato
1076 1185 1124 1238 est
1142 1198 1180 1238 ex
1197 1198 1234 1239 ea
1255 1184 1399 1255 quaeest

256 1303 415 1363 theorema
430 1299 595 1360 seeundum
613 1306 645 1359 et
660 1308 802 1377 quartum
819 1299 896 1358 sexti
920 1282 1072 1360 Euolidis:
1096 1298 1179 1359 eiad
1200 1319 1292 1359 uuum
1309 1300 1403 1360 trian-

257 1420 321 1496 guli
338 1419 420 1478 latns
437 1415 586 1494 parallelo
603 1413 877 1493 proportionaliter
894 1420 980 1475 secat
1000 1415 1112 1493 latera,
1137 1423 1169 1476 et
1185 1417 1403 1495 aequiangulo·

257 1557 323 1596 rum
340 1533 561 1609 triangulorum
579 1531 820 1612 proportionalia
835 1539 906 1591 sunt
922 1531 1029 1592 latera.

197 1729 236 1792 [Ο
482 1757 573 1797 'lunius
585 1755 663 1796 modun
675 1755 757 1794 molior
769 1755 792 1794 ln
803 1755 870 1795 aortlu
882 1766 941 1805 quae
953 1756 1045 1806 oblique
1057 1755 1175 1796 dividitur.
1403 1754 1445 1816 1).
1464 1738 1555 1801 ΠΨ

651 1902 789 1956 nunnae
815 1902 1008 1950 uouuamm.

346 3268 419 3332 Arm
436 3275 619 3354 postquam
640 3272 685 3350 (l)
705 3282 834 3333 foetam
851 3266 904 3333 bia
922 3268 1013 3332 sonis
1033 3267 1191 3354 partibus
1211 3274 1324 3333 aotam

259 3383 470 3470 SumpeeriS,
491 3385 713 3470 aequalisque
733 3385 867 3450 adiecta
886 3393 937 3448 ost
958 3385 1066 3450 altura
1087 3387 1132 3467 (⁸2)
1152 3384 1195 3450 ad
1215 3385 1357 3471 anglum

256 3501 405 3567 Rectum
424 3504 483 3584 (3),
504 3503 533 3567 si
552 3503 682 3587 lubeat,
701 3504 807 3569 talem
827 3505 997 3590 completo
1017 3503 1195 3589 trigonum
1213 3504 1272 3585 (4);

192 3608 233 3669 15
256 3617 341 3681 lmle
357 3618 558 3704 parallelum
577 3630 688 3684 sectae
708 3620 802 3706 capit
821 3622 969 3705 angulus
988 3644 1093 3686 amam
1114 3623 1174 3704 (ὖ),

257 3733 352 3810 Quae
372 3733 577 3817 singillatim
598 3735 761 3801 subiectis
777 3736 936 3822 partibus
956 3760 1065 3824 aequa·
1085 3744 1146 3817 est,

259 3852 303 3915 Et
319 3851 428 3937 partis
447 3862 581 3938 partem
601 3853 724 3938 recipit
743 3876 983 3938 qmrmonnquo
1002 3862 1173 3931 notatam,

259 3966 366 4041 Quam]
383 3966 513 4051 punitor
529 3969 639 4053 possis
656 3958 849 4033 subiectum
867 3991 967 4033 nusae
986 3991 1049 4055 per
1068 3969 1235 4054 amplum,

258 4082 390 4168 Nempe
406 4081 532 4164 basi1n3
553 4091 669 4169 partos
689 4107 838 4169 namque
857 4084 1008 4170 explieat
1028 4084 1102 4169 ipsa
1121 4084 1273 4169 priores,

664 4224 780 4230 ———
806 4225 900 4231 ———
958 4226 1033 4231 ——
1079 4224 1124 4231 .-..
1138 4224 1236 4230 -..-
1247 4226 1402 4234 —,-

352 4286 413 4336 lin
431 4293 539 4352 puncto
559 4287 592 4352 G]
610 4290 638 4338 in
661 4294 770 4353 puncto
793 4291 816 4338 E
879 4290 1020 4352 ‘lpuuoto
1041 4288 1073 4357 E]
1094 4296 1202 4355 puncto
1226 4292 1247 4341 F
1312 4293 1403 4358 paml-

261 4368 318 4417 lola
331 4366 386 4433 ΒΕ]
404 4366 541 4431 parallelo
552 4368 601 4418 FG
663 4370 680 4419 3
696 4374 804 4435 puncto
818 4372 841 4419 G
857 4369 971 4420 ludioet
994 4371 1052 4434 (uic)
1118 4374 1149 4419 ln
1158 4371 1237 4436 sorae
1256 4372 1284 4423 iu
1303 4373 1403 4425 rocta?

261 4448 291 4497 18
307 4449 485 4514 peramplum
