3428 5138
266 407 326 465 272
569 420 710 466 rorantur
731 421 833 465 snvur
853 421 898 466 ns
918 422 1053 484 arturus,
1074 421 1118 466 rv.

264 578 396 637 omnium
414 577 483 639 fons
502 578 728 639 multitudinem
751 598 868 639 omnem
896 587 987 656 atque
1005 580 1205 656 varietatem,
1224 578 1410 658 immultipli-

263 695 371 754 cubilis
386 701 417 754 et
433 693 623 756 invariabilis
639 695 967 756 incommunicabiliter
981 703 1013 756 et
1026 695 1249 756 invariabiliter
1259 697 1409 774 complec-

262 811 346 871 titur.
372 810 422 871 Sic
443 832 461 871 a
481 811 550 871 luce
570 812 599 870 in
623 811 772 889 tenebris,
792 818 823 872 et
840 812 1009 891 composita
1035 812 1228 872 ascendimus
1249 811 1289 872 ad
1309 812 1408 873 lucem

263 927 432 1006 simplicem
449 936 481 990 et
508 930 696 1006 absolutam,
723 937 758 989 ut
783 931 822 989 ab
845 930 899 990 illa
926 930 1050 1008 cognita
1067 930 1106 990 ad
1133 929 1223 991 istius
1249 928 1405 1002 iudicium,

217 1031 239 1094 5
263 1063 387 1104 examen
406 1052 498 1122 atque
515 1044 712 1106 moderamen
729 1046 962 1108 descendamus.

341 1175 358 1222 tl
377 1161 462 1222 Nihil
480 1183 584 1224 eorum
609 1184 687 1240 quae
704 1171 776 1224 sunt
793 1165 836 1225 ita
849 1163 967 1243 differt,
986 1174 1021 1225 ut
1048 1172 1080 1225 et
1107 1165 1208 1241 aliquo
1236 1173 1327 1244 pacto
1346 1166 1406 1226 imo

263 1278 355 1338 etiam
375 1279 408 1338 in
429 1278 568 1357 pluribus
588 1289 680 1356 atque
698 1281 872 1360 praecipuis
889 1301 948 1340 non
967 1282 1130 1342 conveniat
1153 1302 1220 1341 cum
1249 1302 1285 1342 eo
1313 1303 1406 1359 aquo

261 1393 368 1455 differt
389 1404 421 1456 et
443 1397 491 1457 oui
509 1397 726 1474 contrariatur;
750 1417 810 1457 non
832 1397 911 1458 enim
933 1397 1114 1459 contrariari
1136 1398 1275 1460 videmus
1300 1399 1333 1458 in
1350 1399 1408 1458 ele-

263 1511 374 1571 mentis
392 1519 519 1572 naturae
535 1512 705 1591 quippiam,
727 1512 787 1573 nisi
809 1513 891 1591 quod
918 1532 985 1573 eum
1007 1513 1104 1574 altero
1123 1515 1154 1573 in
1171 1514 1308 1575 eiusdem
1337 1516 1407 1575 sub-

197 1620 239 1683 10
260 1626 332 1687 iecti
359 1629 502 1690 convenit
529 1630 682 1709 appetitu,
715 1633 765 1692 vol
797 1633 908 1692 saltem
937 1633 968 1691 in
1000 1633 1048 1693 sui
1079 1632 1177 1711 ipsius
1205 1631 1408 1692 conservandi

260 1747 408 1823 appetitu.
429 1749 511 1809 Hinc
528 1751 682 1811 contraria
699 1752 799 1812 omnia
816 1761 943 1833 propter
960 1773 1148 1813 communem
1168 1752 1327 1828 utriusque
1348 1771 1409 1810 ma·

260 1868 368 1928 teriam
390 1869 420 1929 in
447 1871 554 1942 eodem
571 1891 685 1949 genere
708 1874 890 1952 consistere,
914 1873 1007 1935 etiam
1029 1874 1119 1950 vulgo
1136 1872 1408 1952 philosophantum

262 1993 310 2045 est
331 1990 535 2051 manifestum.
553 1990 638 2050 Nihil
665 1991 739 2052 item
765 1991 795 2050 in
822 1991 966 2053 universe
986 1990 1063 2050 adeo
1085 1997 1134 2050 est
1150 1989 1305 2065 exiguum,
1324 1987 1407 2063 quod

262 2109 300 2167 ud
328 2110 429 2169 eximii
455 2111 664 2187 integritatem
697 2118 788 2187 atque
819 2110 1040 2189 perfectionem
1061 2129 1122 2169 non
1144 2107 1301 2169 conducat.
1320 2105 1406 2168 Nihil

197 2228 238 2291 15
262 2230 335 2289 item
352 2228 464 2288 malum
480 2235 531 2290 est
546 2228 728 2306 quibusdam
746 2236 777 2289 et
794 2228 919 2306 alicubi,
938 2228 1020 2304 quod
1037 2235 1068 2287 et
1085 2226 1266 2303 quibusdam
1284 2235 1315 2288 et
1332 2228 1406 2288 alibi

260 2345 379 2406 nonsit
399 2346 511 2405 bonum
529 2355 560 2405 et
581 2347 737 2424 optimum.
766 2345 847 2405 Hinc
875 2345 914 2405 ad
941 2344 1117 2404 universum
1134 2342 1312 2423 respicienti
1330 2344 1405 2404 nihil

262 2473 400 2528 occurret
419 2473 521 2545 turpe,
540 2464 665 2542 malum,
683 2465 895 2541 incongruum
913 2481 1012 2539 neque
1030 2461 1142 2523 etenim
1164 2461 1298 2523 varietas
1316 2470 1406 2540 atque

262 2582 463 2644 contrarietas
489 2580 582 2641 efficit
607 2580 767 2658 quominus
793 2580 894 2640 omnia
920 2580 983 2640 siut
1004 2580 1135 2658 optima,
1153 2587 1244 2657 prout
1261 2580 1407 2642 videlicet

261 2724 279 2761 a
304 2709 413 2760 natura
439 2700 660 2777 gubernantur,
685 2717 762 2774 quae
795 2696 890 2758 veluti
914 2698 1088 2777 phonascus
1116 2697 1285 2758 contraries
1314 2719 1407 2760 voces
1444 2760 1447 2765 ,

194 2817 239 2881 20
262 2825 413 2881 extremas
431 2816 656 2894 atquamcdias
673 2817 820 2876 adunam
838 2816 918 2875 omni
937 2817 1040 2895 (quarn
1057 2815 1214 2893 possimus
1231 2816 1405 2898 imaginari)

261 2939 405 3017 optimam
431 2937 643 3016 symphoniam
672 2935 779 3012 dirigit
803 2944 835 2996 et
859 2934 1010 3013 perducit.
1042 2933 1103 2993 Sed
1130 2933 1169 2994 de
1192 2933 1231 2994 iis
1255 2933 1346 2994 latius
1373 2933 1405 2994 in

260 3054 337 3114 libro
365 3055 417 3114 De
439 3052 623 3133 principio
650 3060 686 3113 et
712 3073 781 3112 uno
809 3050 1016 3129 definivimus,
1039 3050 1090 3110 ubi
1112 3050 1288 3129 expressius
1311 3071 1404 3131 oppo-

261 3175 387 3234 sitorum
406 3173 538 3233 omniurn
556 3171 787 3232 coincidentiam
806 3169 1084 3247 manifestavimus,
1106 3178 1138 3229 et
1167 3170 1315 3247 optimum
1337 3171 1404 3249 phi-

260 3293 419 3372 losophiae
446 3293 517 3353 olim
548 3293 711 3354 defunctae
733 3300 764 3352 et
791 3291 881 3351 modo
905 3291 1133 3370 recuperandae
1157 3291 1339 3371 principium
1360 3310 1405 3350 re-

192 3408 236 3470 25
260 3412 423 3473 stituimus.

339 3531 355 3578 ll
376 3531 426 3590 Ad
451 3529 690 3590 indifferentiam
703 3529 788 3588 illam
806 3530 1016 3607 oppositorum
1038 3529 1170 3588 omnium
1197 3527 1334 3588 exactius
1352 3549 1402 3605 ap-

259 3648 517 3727 prehendendam,
546 3670 623 3726 quae
643 3669 697 3727 per
714 3648 1005 3725 contemplationem
1031 3650 1154 3710 maximi
1176 3649 1207 3708 in
1225 3648 1350 3708 minimo
1370 3657 1401 3709 et

259 3765 373 3825 minimi
391 3766 422 3824 in
439 3766 568 3826 maxime
591 3764 758 3840 delitescit,
777 3764 900 3826 minime
930 3773 1035 3842 potest
1061 3767 1192 3826 humana
1208 3767 1288 3826 ratio
1310 3765 1401 3825 deve·

258 3884 332 3943 nire.
345 3885 409 3944 Nos
421 3903 476 3962 per
491 3883 571 3944 viam
586 3883 808 3944 coincidentiae
827 3884 1050 3944 dimensionum
1066 3885 1105 3943 ad
1124 3905 1225 3944 eorum
1244 3894 1403 3961 quaesunt

192 3997 236 4062 30
258 4000 288 4059 in
314 4008 422 4059 natura
454 4008 485 4061 et
512 4001 593 4060 circa
619 3979 758 4060 naturam
780 3999 1020 4080 speculationem
1041 4000 1072 4060 in
1103 4001 1161 4060 hec
1185 4019 1298 4078 genere
1332 4020 1401 4059 con-

260 4117 429 4192 tendirnus3
456 4117 738 4179 animadvertentes
765 4119 840 4177 item
863 4115 1118 4192 quemadmodum
1136 4116 1175 4176 ad
1197 4115 1401 4176 multitudiuis

260 4234 489 4312 productionem
501 4243 609 4293 natura
620 4233 743 4294 incedat
761 4233 964 4313 explicatione
974 4232 1113 4294 monadis
1128 4232 1158 4291 in
1175 4232 1305 4309 diadem,
1321 4253 1401 4291 mox·

355 4452 367 4500 1
386 4448 526 4500 varietate
589 4448 620 4499 20
634 4448 711 4513 sorae
723 4447 852 4500 omnium
