<?xml version="1.0" encoding="UTF-8"?>
<!DOCTYPE html PUBLIC "-//W3C//DTD XHTML 1.0 Transitional//EN"
    "http://www.w3.org/TR/xhtml1/DTD/xhtml1-transitional.dtd">
<html xmlns="http://www.w3.org/1999/xhtml" xml:lang="en" lang="en">
 <head>
  <title>
</title>
<meta http-equiv="Content-Type" content="text/html;charset=utf-8" />
  <meta name='ocr-system' content='tesseract 3.04.00' />
  <meta name='ocr-capabilities' content='ocr_page ocr_carea ocr_par ocr_line ocrx_word'/>
</head>
<body>
  <div class='ocr_page' id='page_1' title='image "./jordanibruninol01brungoog_0182.png"; bbox 0 0 3428 5138; ppageno 0'>
   <div class='ocr_carea' id='block_1_1' title="bbox 623 415 1400 491">
    <p class='ocr_par' dir='ltr' id='par_1_1' title="bbox 623 415 1400 491">
     <span class='ocr_line' id='line_1_1' title="bbox 623 415 1400 491; baseline -0.005 -14"><span class='ocrx_word' id='word_1_1' title='bbox 623 433 668 491; x_wconf 83' lang='lat' dir='ltr'>ns</span> <span class='ocrx_word' id='word_1_2' title='bbox 689 433 801 478; x_wconf 79' lang='lat' dir='ltr'>minim</span> <span class='ocrx_word' id='word_1_3' title='bbox 823 432 1028 477; x_wconf 80' lang='lat' dir='ltr'>uxrsnnnnm.</span> <span class='ocrx_word' id='word_1_4' title='bbox 1342 415 1400 476; x_wconf 79' lang='grc'>167</span> 
     </span>
    </p>
   </div>
   <div class='ocr_carea' id='block_1_2' title="bbox 132 583 1408 4272">
    <p class='ocr_par' dir='ltr' id='par_1_2' title="bbox 262 583 1402 1016">
     <span class='ocr_line' id='line_1_2' title="bbox 336 583 1401 667; baseline -0.003 -20"><span class='ocrx_word' id='word_1_5' title='bbox 336 588 397 649; x_wconf 87' lang='lat' dir='ltr'>Est</span> <span class='ocrx_word' id='word_1_6' title='bbox 415 587 539 649; x_wconf 91' lang='lat' dir='ltr'>dubium</span> <span class='ocrx_word' id='word_1_7' title='bbox 555 588 651 648; x_wconf 88' lang='lat' dir='ltr'>firmis</span> <span class='ocrx_word' id='word_1_8' title='bbox 666 588 704 647; x_wconf 89' lang='lat' dir='ltr'>ad</span> <span class='ocrx_word' id='word_1_9' title='bbox 722 589 827 648; x_wconf 88' lang='lat' dir='ltr'>oeulos</span> <span class='ocrx_word' id='word_1_10' title='bbox 846 586 1068 667; x_wconf 77' lang='lat' dir='ltr'>peripateticae</span> <span class='ocrx_word' id='word_1_11' title='bbox 1083 585 1209 646; x_wconf 88' lang='lat' dir='ltr'>scholae</span> <span class='ocrx_word' id='word_1_12' title='bbox 1228 583 1401 644; x_wconf 80' lang='lat' dir='ltr'>consistens</span> 
     </span>
     <span class='ocr_line' id='line_1_3' title="bbox 262 701 1402 783; baseline -0.002 -19"><span class='ocrx_word' id='word_1_13' title='bbox 262 704 403 782; x_wconf 81' lang='lat' dir='ltr'>basibus,</span> <span class='ocrx_word' id='word_1_14' title='bbox 421 724 457 765; x_wconf 85' lang='lat' dir='ltr'>ac</span> <span class='ocrx_word' id='word_1_15' title='bbox 477 704 720 765; x_wconf 83' lang='lat' dir='ltr'>dissimulatione</span> <span class='ocrx_word' id='word_1_16' title='bbox 741 704 871 783; x_wconf 89' lang='lat' dir='ltr'>quadam</span> <span class='ocrx_word' id='word_1_17' title='bbox 897 723 953 783; x_wconf 94' lang='lat' dir='ltr'>pro</span> <span class='ocrx_word' id='word_1_18' title='bbox 978 701 1125 782; x_wconf 88' lang='lat' dir='ltr'>principis</span> <span class='ocrx_word' id='word_1_19' title='bbox 1152 702 1328 762; x_wconf 87' lang='lat' dir='ltr'>reverentia</span> <span class='ocrx_word' id='word_1_20' title='bbox 1356 721 1402 762; x_wconf 86' lang='lat' dir='ltr'>se·</span> 
     </span>
     <span class='ocr_line' id='line_1_4' title="bbox 265 818 1401 899; baseline -0.002 -20"><span class='ocrx_word' id='word_1_21' title='bbox 265 821 397 899; x_wconf 89' lang='lat' dir='ltr'>pultum,</span> <span class='ocrx_word' id='word_1_22' title='bbox 415 820 496 898; x_wconf 89' lang='lat' dir='ltr'>quod</span> <span class='ocrx_word' id='word_1_23' title='bbox 512 821 727 882; x_wconf 86' lang='lat' dir='ltr'>resuscitatum</span> <span class='ocrx_word' id='word_1_24' title='bbox 748 840 816 881; x_wconf 87' lang='lat' dir='ltr'>esse</span> <span class='ocrx_word' id='word_1_25' title='bbox 839 820 991 899; x_wconf 86' lang='lat' dir='ltr'>cupimus,</span> <span class='ocrx_word' id='word_1_26' title='bbox 1020 819 1058 879; x_wconf 92' lang='lat' dir='ltr'>de</span> <span class='ocrx_word' id='word_1_27' title='bbox 1079 818 1210 897; x_wconf 88' lang='lat' dir='ltr'>pertica,</span> <span class='ocrx_word' id='word_1_28' title='bbox 1228 818 1314 879; x_wconf 88' lang='lat' dir='ltr'>cuius</span> <span class='ocrx_word' id='word_1_29' title='bbox 1335 818 1401 877; x_wconf 88' lang='lat' dir='ltr'>lou·</span> 
     </span>
     <span class='ocr_line' id='line_1_5' title="bbox 262 934 1400 1016; baseline -0.001 -21"><span class='ocrx_word' id='word_1_30' title='bbox 262 936 370 1013; x_wconf 85' lang='lat' dir='ltr'>gitudo</span> <span class='ocrx_word' id='word_1_31' title='bbox 387 935 418 996; x_wconf 90' lang='lat' dir='ltr'>in</span> <span class='ocrx_word' id='word_1_32' title='bbox 435 936 570 998; x_wconf 88' lang='lat' dir='ltr'>infinitas</span> <span class='ocrx_word' id='word_1_33' title='bbox 587 937 752 999; x_wconf 83' lang='lat' dir='ltr'>divisibilis</span> <span class='ocrx_word' id='word_1_34' title='bbox 779 945 828 999; x_wconf 88' lang='lat' dir='ltr'>est</span> <span class='ocrx_word' id='word_1_35' title='bbox 853 944 974 1016; x_wconf 81' lang='lat' dir='ltr'>partes,</span> <span class='ocrx_word' id='word_1_36' title='bbox 1000 943 1032 996; x_wconf 94' lang='lat' dir='ltr'>et</span> <span class='ocrx_word' id='word_1_37' title='bbox 1058 935 1140 996; x_wconf 86' lang='lat' dir='ltr'>circa</span> <span class='ocrx_word' id='word_1_38' title='bbox 1160 955 1249 1012; x_wconf 88' lang='lat' dir='ltr'>quam</span> <span class='ocrx_word' id='word_1_39' title='bbox 1276 934 1400 1014; x_wconf 80' lang='lat' dir='ltr'>spinalis</span> 
     </span>
    </p>

    <p class='ocr_par' dir='ltr' id='par_1_3' title="bbox 215 1051 1404 1596">
     <span class='ocr_line' id='line_1_6' title="bbox 215 1051 1401 1134; baseline -0.003 -18"><span class='ocrx_word' id='word_1_40' title='bbox 215 1052 236 1116; x_wconf 82' lang='grc'>5</span> <span class='ocrx_word' id='word_1_41' title='bbox 263 1051 390 1114; x_wconf 87' lang='lat' dir='ltr'>inversa</span> <span class='ocrx_word' id='word_1_42' title='bbox 400 1053 593 1130; x_wconf 85' lang='lat' dir='ltr'>intelligatur</span> <span class='ocrx_word' id='word_1_43' title='bbox 603 1053 696 1132; x_wconf 88' lang='lat' dir='ltr'>linea,</span> <span class='ocrx_word' id='word_1_44' title='bbox 709 1073 786 1130; x_wconf 88' lang='lat' dir='ltr'>quae</span> <span class='ocrx_word' id='word_1_45' title='bbox 803 1053 843 1115; x_wconf 89' lang='lat' dir='ltr'>de</span> <span class='ocrx_word' id='word_1_46' title='bbox 859 1061 972 1134; x_wconf 89' lang='lat' dir='ltr'>puncto</span> <span class='ocrx_word' id='word_1_47' title='bbox 984 1053 1008 1114; x_wconf 84' lang='lat'>0</span> <span class='ocrx_word' id='word_1_48' title='bbox 1020 1054 1051 1114; x_wconf 88' lang='lat' dir='ltr'>in</span> <span class='ocrx_word' id='word_1_49' title='bbox 1064 1060 1209 1132; x_wconf 87' lang='lat' dir='ltr'>punctum</span> <span class='ocrx_word' id='word_1_50' title='bbox 1226 1051 1401 1112; x_wconf 81' lang='lat' dir='ltr'>immediate</span> 
     </span>
     <span class='ocr_line' id='line_1_7' title="bbox 264 1168 1404 1249; baseline -0.002 -21"><span class='ocrx_word' id='word_1_51' title='bbox 264 1175 441 1245; x_wconf 86' lang='lat' dir='ltr'>sequentem</span> <span class='ocrx_word' id='word_1_52' title='bbox 457 1169 495 1248; x_wconf 84' lang='lat' dir='ltr'>D,</span> <span class='ocrx_word' id='word_1_53' title='bbox 514 1177 545 1230; x_wconf 90' lang='lat' dir='ltr'>et</span> <span class='ocrx_word' id='word_1_54' title='bbox 562 1168 601 1230; x_wconf 91' lang='lat' dir='ltr'>de</span> <span class='ocrx_word' id='word_1_55' title='bbox 618 1168 647 1228; x_wconf 92' lang='lat' dir='ltr'>D</span> <span class='ocrx_word' id='word_1_56' title='bbox 663 1171 695 1230; x_wconf 91' lang='lat' dir='ltr'>in</span> <span class='ocrx_word' id='word_1_57' title='bbox 711 1171 749 1248; x_wconf 83' lang='lat' dir='ltr'>E,</span> <span class='ocrx_word' id='word_1_58' title='bbox 765 1169 810 1231; x_wconf 86' lang='lat' dir='ltr'>ita</span> <span class='ocrx_word' id='word_1_59' title='bbox 826 1190 948 1248; x_wconf 89' lang='lat' dir='ltr'>semper</span> <span class='ocrx_word' id='word_1_60' title='bbox 961 1169 1156 1249; x_wconf 89' lang='lat' dir='ltr'>procedendo</span> <span class='ocrx_word' id='word_1_61' title='bbox 1172 1168 1317 1245; x_wconf 87' lang='lat' dir='ltr'>ulterius,</span> <span class='ocrx_word' id='word_1_62' title='bbox 1335 1187 1404 1247; x_wconf 92' lang='lat' dir='ltr'>pro·</span> 
     </span>
     <span class='ocr_line' id='line_1_8' title="bbox 262 1284 1403 1363; baseline 0.001 -20"><span class='ocrx_word' id='word_1_63' title='bbox 262 1284 402 1346; x_wconf 84' lang='lat' dir='ltr'>ceritatie</span> <span class='ocrx_word' id='word_1_64' title='bbox 421 1286 631 1363; x_wconf 84' lang='lat' dir='ltr'>magnitudine</span> <span class='ocrx_word' id='word_1_65' title='bbox 658 1297 690 1347; x_wconf 89' lang='lat' dir='ltr'>et</span> <span class='ocrx_word' id='word_1_66' title='bbox 716 1287 896 1348; x_wconf 87' lang='lat' dir='ltr'>circulorum</span> <span class='ocrx_word' id='word_1_67' title='bbox 923 1286 1118 1347; x_wconf 89' lang='lat' dir='ltr'>multitudine</span> <span class='ocrx_word' id='word_1_68' title='bbox 1146 1293 1333 1346; x_wconf 88' lang='lat' dir='ltr'>concrescat.</span> <span class='ocrx_word' id='word_1_69' title='bbox 1353 1285 1403 1343; x_wconf 90' lang='lat' dir='ltr'>An</span> 
     </span>
     <span class='ocr_line' id='line_1_9' title="bbox 262 1400 1402 1481; baseline 0.002 -23"><span class='ocrx_word' id='word_1_70' title='bbox 262 1419 323 1459; x_wconf 93' lang='lat' dir='ltr'>non</span> <span class='ocrx_word' id='word_1_71' title='bbox 349 1401 429 1460; x_wconf 89' lang='lat' dir='ltr'>inter</span> <span class='ocrx_word' id='word_1_72' title='bbox 457 1400 601 1462; x_wconf 89' lang='lat' dir='ltr'>definitos</span> <span class='ocrx_word' id='word_1_73' title='bbox 618 1402 747 1463; x_wconf 90' lang='lat' dir='ltr'>termino</span> <span class='ocrx_word' id='word_1_74' title='bbox 767 1403 794 1463; x_wconf 92' lang='lat' dir='ltr'><strong>A</strong></span> <span class='ocrx_word' id='word_1_75' title='bbox 816 1410 847 1462; x_wconf 90' lang='lat' dir='ltr'>et</span> <span class='ocrx_word' id='word_1_76' title='bbox 867 1402 894 1462; x_wconf 90' lang='lat' dir='ltr'>B</span> <span class='ocrx_word' id='word_1_77' title='bbox 917 1401 976 1463; x_wconf 89' lang='lat' dir='ltr'>erit</span> <span class='ocrx_word' id='word_1_78' title='bbox 1002 1401 1261 1481; x_wconf 77' lang='lat' dir='ltr'>comprehendere</span> <span class='ocrx_word' id='word_1_79' title='bbox 1288 1401 1402 1462; x_wconf 88' lang='lat' dir='ltr'>lineam</span> 
     </span>
     <span class='ocr_line' id='line_1_10' title="bbox 261 1514 1403 1596; baseline 0.003 -22"><span class='ocrx_word' id='word_1_80' title='bbox 261 1514 433 1576; x_wconf 83' lang='lat' dir='ltr'>infinitam?</span> <span class='ocrx_word' id='word_1_81' title='bbox 451 1516 529 1576; x_wconf 85' lang='lat' dir='ltr'>Sunt</span> <span class='ocrx_word' id='word_1_82' title='bbox 555 1517 667 1578; x_wconf 91' lang='lat' dir='ltr'>deinde</span> <span class='ocrx_word' id='word_1_83' title='bbox 685 1517 744 1578; x_wconf 91' lang='lat' dir='ltr'>duo</span> <span class='ocrx_word' id='word_1_84' title='bbox 762 1538 841 1596; x_wconf 91' lang='lat' dir='ltr'>quae</span> <span class='ocrx_word' id='word_1_85' title='bbox 866 1515 1007 1579; x_wconf 86' lang='lat' dir='ltr'>referunt</span> <span class='ocrx_word' id='word_1_86' title='bbox 1033 1525 1132 1579; x_wconf 89' lang='lat' dir='ltr'>totum</span> <span class='ocrx_word' id='word_1_87' title='bbox 1157 1524 1344 1578; x_wconf 89' lang='lat' dir='ltr'>momentum</span> <span class='ocrx_word' id='word_1_88' title='bbox 1370 1524 1403 1578; x_wconf 91' lang='lat' dir='ltr'>et</span> 
     </span>
    </p>

    <p class='ocr_par' dir='ltr' id='par_1_4' title="bbox 195 1629 819 1710">
     <span class='ocr_line' id='line_1_11' title="bbox 195 1629 819 1710; baseline 0.002 -18"><span class='ocrx_word' id='word_1_89' title='bbox 195 1629 237 1692; x_wconf 84' lang='lat'>10</span> <span class='ocrx_word' id='word_1_90' title='bbox 262 1649 367 1692; x_wconf 91' lang='lat' dir='ltr'>omnes</span> <span class='ocrx_word' id='word_1_91' title='bbox 381 1652 494 1693; x_wconf 88' lang='lat' dir='ltr'>nervos</span> <span class='ocrx_word' id='word_1_92' title='bbox 511 1633 622 1710; x_wconf 86' lang='lat' dir='ltr'>quibus</span> <span class='ocrx_word' id='word_1_93' title='bbox 641 1633 819 1695; x_wconf 88' lang='lat' dir='ltr'>innituntur.</span> 
     </span>
    </p>

    <p class='ocr_par' dir='ltr' id='par_1_5' title="bbox 261 1748 1404 2177">
     <span class='ocr_line' id='line_1_12' title="bbox 343 1748 1402 1829; baseline 0.003 -22"><span class='ocrx_word' id='word_1_94' title='bbox 343 1754 361 1801; x_wconf 81' lang='lat' dir='ltr'>&#39;t</span> <span class='ocrx_word' id='word_1_95' title='bbox 384 1749 429 1808; x_wconf 90' lang='lat'>19.</span> <span class='ocrx_word' id='word_1_96' title='bbox 452 1748 593 1810; x_wconf 86' lang='lat' dir='ltr'>Alterum</span> <span class='ocrx_word' id='word_1_97' title='bbox 612 1771 630 1811; x_wconf 85' lang='lat' dir='ltr'>a</span> <span class='ocrx_word' id='word_1_98' title='bbox 650 1750 769 1810; x_wconf 91' lang='lat' dir='ltr'>duobus</span> <span class='ocrx_word' id='word_1_99' title='bbox 791 1748 910 1826; x_wconf 87' lang='lat' dir='ltr'>aequali</span> <span class='ocrx_word' id='word_1_100' title='bbox 932 1757 1071 1829; x_wconf 87' lang='lat' dir='ltr'>tempore</span> <span class='ocrx_word' id='word_1_101' title='bbox 1088 1750 1189 1826; x_wconf 88' lang='lat' dir='ltr'>motis,</span> <span class='ocrx_word' id='word_1_102' title='bbox 1212 1769 1289 1828; x_wconf 89' lang='lat' dir='ltr'>quae</span> <span class='ocrx_word' id='word_1_103' title='bbox 1304 1757 1337 1810; x_wconf 92' lang='lat' dir='ltr'>et</span> <span class='ocrx_word' id='word_1_104' title='bbox 1352 1768 1402 1810; x_wconf 91' lang='lat' dir='ltr'>ae·</span> 
     </span>
     <span class='ocr_line' id='line_1_13' title="bbox 263 1862 1403 1944; baseline 0.004 -23"><span class='ocrx_word' id='word_1_105' title='bbox 263 1862 345 1938; x_wconf 87' lang='lat' dir='ltr'>quali</span> <span class='ocrx_word' id='word_1_106' title='bbox 362 1871 505 1924; x_wconf 89' lang='lat' dir='ltr'>constent</span> <span class='ocrx_word' id='word_1_107' title='bbox 519 1865 727 1942; x_wconf 87' lang='lat' dir='ltr'>magnitudine</span> <span class='ocrx_word' id='word_1_108' title='bbox 744 1885 800 1944; x_wconf 88' lang='lat' dir='ltr'>per</span> <span class='ocrx_word' id='word_1_109' title='bbox 816 1865 943 1944; x_wconf 88' lang='lat' dir='ltr'>aequale</span> <span class='ocrx_word' id='word_1_110' title='bbox 960 1865 1109 1944; x_wconf 87' lang='lat' dir='ltr'>spacium,</span> <span class='ocrx_word' id='word_1_111' title='bbox 1128 1866 1226 1926; x_wconf 90' lang='lat' dir='ltr'>altero</span> <span class='ocrx_word' id='word_1_112' title='bbox 1241 1864 1335 1942; x_wconf 86' lang='lat' dir='ltr'>dupio</span> <span class='ocrx_word' id='word_1_113' title='bbox 1353 1884 1403 1925; x_wconf 86' lang='lat' dir='ltr'>ve·</span> 
     </span>
     <span class='ocr_line' id='line_1_14' title="bbox 262 1978 1403 2059; baseline 0.002 -21"><span class='ocrx_word' id='word_1_114' title='bbox 262 1978 373 2040; x_wconf 90' lang='lat' dir='ltr'>lociori</span> <span class='ocrx_word' id='word_1_115' title='bbox 389 1998 479 2055; x_wconf 89' lang='lat' dir='ltr'>quam</span> <span class='ocrx_word' id='word_1_116' title='bbox 495 1980 657 2058; x_wconf 87' lang='lat' dir='ltr'>reliquum,</span> <span class='ocrx_word' id='word_1_117' title='bbox 681 1981 751 2058; x_wconf 89' lang='lat' dir='ltr'>qnia</span> <span class='ocrx_word' id='word_1_118' title='bbox 772 1981 914 2042; x_wconf 91' lang='lat' dir='ltr'>continue</span> <span class='ocrx_word' id='word_1_119' title='bbox 937 1987 1020 2043; x_wconf 89' lang='lat' dir='ltr'>moto</span> <span class='ocrx_word' id='word_1_120' title='bbox 1048 1980 1106 2042; x_wconf 91' lang='lat' dir='ltr'>hoc</span> <span class='ocrx_word' id='word_1_121' title='bbox 1130 1988 1162 2041; x_wconf 91' lang='lat' dir='ltr'>et</span> <span class='ocrx_word' id='word_1_122' title='bbox 1178 1981 1233 2041; x_wconf 91' lang='lat' dir='ltr'>illo</span> <span class='ocrx_word' id='word_1_123' title='bbox 1250 1979 1290 2041; x_wconf 85' lang='lat' dir='ltr'>ad</span> <span class='ocrx_word' id='word_1_124' title='bbox 1317 1999 1403 2059; x_wconf 87' lang='lat' dir='ltr'>prae·</span> 
     </span>
     <span class='ocr_line' id='line_1_15' title="bbox 261 2093 1404 2177; baseline 0.003 -24"><span class='ocrx_word' id='word_1_125' title='bbox 261 2093 444 2154; x_wconf 88' lang='lat' dir='ltr'>tereundum</span> <span class='ocrx_word' id='word_1_126' title='bbox 472 2104 632 2174; x_wconf 82' lang='lat' dir='ltr'>punctum,</span> <span class='ocrx_word' id='word_1_127' title='bbox 667 2097 748 2173; x_wconf 92' lang='lat' dir='ltr'>quod</span> <span class='ocrx_word' id='word_1_128' title='bbox 781 2104 829 2157; x_wconf 87' lang='lat' dir='ltr'>est</span> <span class='ocrx_word' id='word_1_129' title='bbox 857 2096 1047 2157; x_wconf 89' lang='lat' dir='ltr'>individuum</span> <span class='ocrx_word' id='word_1_130' title='bbox 1083 2096 1177 2177; x_wconf 83' lang='lat' dir='ltr'>(sieut</span> <span class='ocrx_word' id='word_1_131' title='bbox 1208 2114 1264 2174; x_wconf 90' lang='lat' dir='ltr'>per</span> <span class='ocrx_word' id='word_1_132' title='bbox 1297 2103 1404 2174; x_wconf 88' lang='lat' dir='ltr'>partes</span> 
     </span>
    </p>

    <p class='ocr_par' dir='ltr' id='par_1_6' title="bbox 132 2205 1403 2642">
     <span class='ocr_line' id='line_1_16' title="bbox 132 2205 1402 2292; baseline 0.002 -22"><span class='ocrx_word' id='word_1_133' title='bbox 132 2264 146 2285; x_wconf 81' lang='grc'>,</span> <span class='ocrx_word' id='word_1_134' title='bbox 195 2205 237 2270; x_wconf 77' lang='grc'>15</span> <span class='ocrx_word' id='word_1_135' title='bbox 261 2209 498 2289; x_wconf 87' lang='lat' dir='ltr'>divisibilitatis,</span> <span class='ocrx_word' id='word_1_136' title='bbox 517 2210 561 2272; x_wconf 87' lang='lat' dir='ltr'>ita</span> <span class='ocrx_word' id='word_1_137' title='bbox 583 2220 615 2272; x_wconf 90' lang='lat' dir='ltr'>et</span> <span class='ocrx_word' id='word_1_138' title='bbox 631 2233 687 2291; x_wconf 87' lang='lat' dir='ltr'>per</span> <span class='ocrx_word' id='word_1_139' title='bbox 706 2219 846 2289; x_wconf 89' lang='lat' dir='ltr'>tempora</span> <span class='ocrx_word' id='word_1_140' title='bbox 866 2212 1158 2292; x_wconf 84' lang='lat' dir='ltr'>praeteribilitetis),</span> <span class='ocrx_word' id='word_1_141' title='bbox 1176 2230 1215 2273; x_wconf 91' lang='lat' dir='ltr'>ne</span> <span class='ocrx_word' id='word_1_142' title='bbox 1237 2211 1331 2290; x_wconf 89' lang='lat' dir='ltr'>duplo</span> <span class='ocrx_word' id='word_1_143' title='bbox 1353 2231 1402 2273; x_wconf 84' lang='lat' dir='ltr'>ve·</span> 
     </span>
     <span class='ocr_line' id='line_1_17' title="bbox 262 2327 1401 2407; baseline -0.002 -19"><span class='ocrx_word' id='word_1_144' title='bbox 262 2328 359 2389; x_wconf 89' lang='lat' dir='ltr'>locius</span> <span class='ocrx_word' id='word_1_145' title='bbox 376 2327 476 2407; x_wconf 87' lang='lat' dir='ltr'>ipsum</span> <span class='ocrx_word' id='word_1_146' title='bbox 490 2328 651 2397; x_wconf 78' lang='lat' dir='ltr'>¹transierit</span> <span class='ocrx_word' id='word_1_147' title='bbox 671 2334 783 2405; x_wconf 90' lang='lat' dir='ltr'>totum,</span> <span class='ocrx_word' id='word_1_148' title='bbox 802 2329 861 2389; x_wconf 90' lang='lat' dir='ltr'>alio</span> <span class='ocrx_word' id='word_1_149' title='bbox 882 2330 1017 2390; x_wconf 89' lang='lat' dir='ltr'>tardiore</span> <span class='ocrx_word' id='word_1_150' title='bbox 1044 2330 1084 2390; x_wconf 88' lang='lat' dir='ltr'>ad</span> <span class='ocrx_word' id='word_1_151' title='bbox 1111 2329 1177 2389; x_wconf 92' lang='lat' dir='ltr'>eius</span> <span class='ocrx_word' id='word_1_152' title='bbox 1204 2328 1401 2390; x_wconf 86' lang='lat' dir='ltr'>medietatem</span> 
     </span>
     <span class='ocr_line' id='line_1_18' title="bbox 261 2443 1403 2525; baseline 0.002 -23"><span class='ocrx_word' id='word_1_153' title='bbox 261 2443 457 2523; x_wconf 83' lang='lat' dir='ltr'>retardante,</span> <span class='ocrx_word' id='word_1_154' title='bbox 484 2444 587 2522; x_wconf 87' lang='lat' dir='ltr'>itaque</span> <span class='ocrx_word' id='word_1_155' title='bbox 607 2445 688 2505; x_wconf 85' lang='lat' dir='ltr'>sicut</span> <span class='ocrx_word' id='word_1_156' title='bbox 711 2445 743 2505; x_wconf 91' lang='lat' dir='ltr'>in</span> <span class='ocrx_word' id='word_1_157' title='bbox 764 2465 823 2505; x_wconf 91' lang='lat' dir='ltr'>nno</span> <span class='ocrx_word' id='word_1_158' title='bbox 845 2454 972 2525; x_wconf 80' lang='lat' dir='ltr'>puncto,</span> <span class='ocrx_word' id='word_1_159' title='bbox 990 2445 1034 2506; x_wconf 88' lang='lat' dir='ltr'>ita</span> <span class='ocrx_word' id='word_1_160' title='bbox 1051 2445 1082 2505; x_wconf 93' lang='lat' dir='ltr'>in</span> <span class='ocrx_word' id='word_1_161' title='bbox 1097 2445 1236 2506; x_wconf 89' lang='lat' dir='ltr'>omnibus</span> <span class='ocrx_word' id='word_1_162' title='bbox 1257 2464 1317 2506; x_wconf 92' lang='lat' dir='ltr'>non</span> <span class='ocrx_word' id='word_1_163' title='bbox 1336 2465 1403 2506; x_wconf 91' lang='lat' dir='ltr'>con·</span> 
     </span>
     <span class='ocr_line' id='line_1_19' title="bbox 261 2560 1305 2642; baseline 0.002 -22"><span class='ocrx_word' id='word_1_164' title='bbox 261 2560 362 2638; x_wconf 85' lang='lat' dir='ltr'>tingat</span> <span class='ocrx_word' id='word_1_165' title='bbox 380 2560 569 2640; x_wconf 85' lang='lat' dir='ltr'>differentia,</span> <span class='ocrx_word' id='word_1_166' title='bbox 588 2581 648 2639; x_wconf 89' lang='lat' dir='ltr'>qua</span> <span class='ocrx_word' id='word_1_167' title='bbox 664 2560 754 2624; x_wconf 89' lang='lat' dir='ltr'>citius</span> <span class='ocrx_word' id='word_1_168' title='bbox 772 2561 865 2642; x_wconf 93' lang='lat' dir='ltr'>duplo</span> <span class='ocrx_word' id='word_1_169' title='bbox 883 2562 1021 2625; x_wconf 84' lang='lat' dir='ltr'>velocius</span> <span class='ocrx_word' id='word_1_170' title='bbox 1037 2562 1142 2624; x_wconf 89' lang='lat' dir='ltr'>veniat</span> <span class='ocrx_word' id='word_1_171' title='bbox 1158 2563 1190 2623; x_wconf 91' lang='lat' dir='ltr'>in</span> <span class='ocrx_word' id='word_1_172' title='bbox 1206 2561 1305 2623; x_wconf 87' lang='lat' dir='ltr'>finem.</span> 
     </span>
    </p>

    <p class='ocr_par' dir='ltr' id='par_1_7' title="bbox 342 2676 1403 2760">
     <span class='ocr_line' id='line_1_20' title="bbox 342 2676 1403 2760; baseline 0 -22"><span class='ocrx_word' id='word_1_173' title='bbox 342 2676 359 2724; x_wconf 64' lang='grc' dir='ltr'>Ἠ</span> <span class='ocrx_word' id='word_1_174' title='bbox 380 2680 429 2738; x_wconf 80' lang='lat'>32.</span> <span class='ocrx_word' id='word_1_175' title='bbox 452 2677 546 2750; x_wconf 83' lang='lat' dir='ltr'>Quasi</span> <span class='ocrx_word' id='word_1_176' title='bbox 563 2677 662 2739; x_wconf 90' lang='lat' dir='ltr'>solnm</span> <span class='ocrx_word' id='word_1_177' title='bbox 680 2699 717 2739; x_wconf 82' lang='lat' dir='ltr'>ex</span> <span class='ocrx_word' id='word_1_178' title='bbox 739 2688 827 2759; x_wconf 89' lang='lat' dir='ltr'>parte</span> <span class='ocrx_word' id='word_1_179' title='bbox 844 2681 950 2754; x_wconf 92' lang='lat' dir='ltr'>medii,</span> <span class='ocrx_word' id='word_1_180' title='bbox 972 2700 1028 2760; x_wconf 91' lang='lat' dir='ltr'>per</span> <span class='ocrx_word' id='word_1_181' title='bbox 1044 2679 1125 2757; x_wconf 89' lang='lat' dir='ltr'>quod</span> <span class='ocrx_word' id='word_1_182' title='bbox 1153 2678 1204 2741; x_wconf 89' lang='lat' dir='ltr'>vel</span> <span class='ocrx_word' id='word_1_183' title='bbox 1231 2698 1324 2758; x_wconf 90' lang='lat' dir='ltr'>supra</span> <span class='ocrx_word' id='word_1_184' title='bbox 1344 2698 1403 2756; x_wconf 89' lang='lat' dir='ltr'>qno</span> 
     </span>
    </p>

    <p class='ocr_par' dir='ltr' id='par_1_8' title="bbox 196 2792 1405 3340">
     <span class='ocr_line' id='line_1_21' title="bbox 196 2792 1405 2874; baseline -0.001 -17"><span class='ocrx_word' id='word_1_185' title='bbox 196 2793 241 2857; x_wconf 77' lang='lat'>20</span> <span class='ocrx_word' id='word_1_186' title='bbox 262 2792 299 2854; x_wconf 81' lang='lat' dir='ltr'>fic</span> <span class='ocrx_word' id='word_1_187' title='bbox 318 2803 435 2874; x_wconf 83' lang='lat' dir='ltr'>motus,</span> <span class='ocrx_word' id='word_1_188' title='bbox 458 2804 596 2856; x_wconf 89' lang='lat' dir='ltr'>sumatur</span> <span class='ocrx_word' id='word_1_189' title='bbox 615 2795 694 2856; x_wconf 89' lang='lat' dir='ltr'>ratio</span> <span class='ocrx_word' id='word_1_190' title='bbox 721 2796 802 2855; x_wconf 91' lang='lat' dir='ltr'>tardi</span> <span class='ocrx_word' id='word_1_191' title='bbox 823 2805 855 2858; x_wconf 91' lang='lat' dir='ltr'>et</span> <span class='ocrx_word' id='word_1_192' title='bbox 878 2797 1005 2873; x_wconf 87' lang='lat' dir='ltr'>velocis,</span> <span class='ocrx_word' id='word_1_193' title='bbox 1033 2816 1093 2856; x_wconf 92' lang='lat' dir='ltr'>non</span> <span class='ocrx_word' id='word_1_194' title='bbox 1120 2796 1212 2857; x_wconf 91' lang='lat' dir='ltr'>etiam</span> <span class='ocrx_word' id='word_1_195' title='bbox 1234 2815 1273 2855; x_wconf 90' lang='lat' dir='ltr'>ex</span> <span class='ocrx_word' id='word_1_196' title='bbox 1290 2795 1405 2857; x_wconf 88' lang='lat' dir='ltr'>virtute</span> 
     </span>
     <span class='ocr_line' id='line_1_22' title="bbox 263 2910 1404 2990; baseline 0.003 -21"><span class='ocrx_word' id='word_1_197' title='bbox 263 2910 410 2990; x_wconf 87' lang='lat' dir='ltr'>impetus,</span> <span class='ocrx_word' id='word_1_198' title='bbox 429 2933 488 2990; x_wconf 89' lang='lat' dir='ltr'>quo</span> <span class='ocrx_word' id='word_1_199' title='bbox 506 2911 618 2973; x_wconf 89' lang='lat' dir='ltr'>mobile</span> <span class='ocrx_word' id='word_1_200' title='bbox 637 2912 675 2973; x_wconf 94' lang='lat' dir='ltr'>de</span> <span class='ocrx_word' id='word_1_201' title='bbox 690 2913 819 2973; x_wconf 88' lang='lat' dir='ltr'>termino</span> <span class='ocrx_word' id='word_1_202' title='bbox 841 2912 939 2973; x_wconf 85' lang='lat' dir='ltr'>fertur</span> <span class='ocrx_word' id='word_1_203' title='bbox 959 2913 990 2973; x_wconf 93' lang='lat' dir='ltr'>in</span> <span class='ocrx_word' id='word_1_204' title='bbox 1010 2913 1180 2973; x_wconf 87' lang='lat' dir='ltr'>terminum.</span> <span class='ocrx_word' id='word_1_205' title='bbox 1200 2913 1295 2985; x_wconf 81' lang='lat' dir='ltr'>Quasi</span> <span class='ocrx_word' id='word_1_206' title='bbox 1312 2912 1404 2973; x_wconf 88' lang='lat' dir='ltr'>etiam</span> 
     </span>
     <span class='ocr_line' id='line_1_23' title="bbox 264 3026 1402 3108; baseline 0.003 -23"><span class='ocrx_word' id='word_1_207' title='bbox 264 3026 296 3085; x_wconf 91' lang='lat' dir='ltr'>in</span> <span class='ocrx_word' id='word_1_208' title='bbox 314 3027 542 3089; x_wconf 84' lang='lat' dir='ltr'>continuatione</span> <span class='ocrx_word' id='word_1_209' title='bbox 560 3037 661 3090; x_wconf 89' lang='lat' dir='ltr'>motus</span> <span class='ocrx_word' id='word_1_210' title='bbox 677 3049 738 3089; x_wconf 93' lang='lat' dir='ltr'>non</span> <span class='ocrx_word' id='word_1_211' title='bbox 756 3029 817 3089; x_wconf 90' lang='lat' dir='ltr'>sint</span> <span class='ocrx_word' id='word_1_212' title='bbox 835 3029 911 3090; x_wconf 89' lang='lat' dir='ltr'>certi</span> <span class='ocrx_word' id='word_1_213' title='bbox 932 3029 1047 3108; x_wconf 81' lang='lat' dir='ltr'>gradus</span> <span class='ocrx_word' id='word_1_214' title='bbox 1068 3036 1100 3090; x_wconf 89' lang='lat' dir='ltr'>et</span> <span class='ocrx_word' id='word_1_215' title='bbox 1117 3027 1323 3106; x_wconf 84' lang='lat' dir='ltr'>differentiae,</span> <span class='ocrx_word' id='word_1_216' title='bbox 1342 3027 1402 3106; x_wconf 89' lang='lat' dir='ltr'>qui·</span> 
     </span>
     <span class='ocr_line' id='line_1_24' title="bbox 263 3142 1403 3224; baseline 0.003 -23"><span class='ocrx_word' id='word_1_217' title='bbox 263 3142 321 3202; x_wconf 88' lang='lat' dir='ltr'>bus</span> <span class='ocrx_word' id='word_1_218' title='bbox 339 3143 475 3204; x_wconf 88' lang='lat' dir='ltr'>velocius</span> <span class='ocrx_word' id='word_1_219' title='bbox 490 3143 605 3222; x_wconf 87' lang='lat' dir='ltr'>aliquid</span> <span class='ocrx_word' id='word_1_220' title='bbox 625 3143 738 3204; x_wconf 86' lang='lat' dir='ltr'>dicitur</span> <span class='ocrx_word' id='word_1_221' title='bbox 755 3152 787 3206; x_wconf 87' lang='lat' dir='ltr'>et</span> <span class='ocrx_word' id='word_1_222' title='bbox 803 3145 934 3222; x_wconf 87' lang='lat' dir='ltr'>tardius;</span> <span class='ocrx_word' id='word_1_223' title='bbox 953 3154 1053 3206; x_wconf 92' lang='lat' dir='ltr'>etnon</span> <span class='ocrx_word' id='word_1_224' title='bbox 1070 3145 1142 3205; x_wconf 94' lang='lat' dir='ltr'>inde</span> <span class='ocrx_word' id='word_1_225' title='bbox 1160 3146 1298 3224; x_wconf 90' lang='lat' dir='ltr'>capiatur</span> <span class='ocrx_word' id='word_1_226' title='bbox 1314 3144 1403 3222; x_wconf 87' lang='lat' dir='ltr'>ratio,</span> 
     </span>
     <span class='ocr_line' id='line_1_25' title="bbox 263 3259 1403 3340; baseline 0.003 -23"><span class='ocrx_word' id='word_1_227' title='bbox 263 3278 323 3334; x_wconf 88' lang='lat' dir='ltr'>qua</span> <span class='ocrx_word' id='word_1_228' title='bbox 352 3259 436 3320; x_wconf 88' lang='lat' dir='ltr'>istud</span> <span class='ocrx_word' id='word_1_229' title='bbox 457 3261 550 3338; x_wconf 90' lang='lat' dir='ltr'>duplo</span> <span class='ocrx_word' id='word_1_230' title='bbox 577 3260 706 3321; x_wconf 89' lang='lat' dir='ltr'>celerius</span> <span class='ocrx_word' id='word_1_231' title='bbox 737 3260 908 3338; x_wconf 86' lang='lat' dir='ltr'>deferatur,</span> <span class='ocrx_word' id='word_1_232' title='bbox 936 3269 967 3322; x_wconf 87' lang='lat' dir='ltr'>et</span> <span class='ocrx_word' id='word_1_233' title='bbox 993 3261 1063 3321; x_wconf 90' lang='lat' dir='ltr'>ideo</span> <span class='ocrx_word' id='word_1_234' title='bbox 1090 3267 1194 3322; x_wconf 86' lang='lat' dir='ltr'>stante</span> <span class='ocrx_word' id='word_1_235' title='bbox 1223 3268 1403 3340; x_wconf 85' lang='lat' dir='ltr'>punctorum</span> 
     </span>
    </p>

    <p class='ocr_par' dir='ltr' id='par_1_9' title="bbox 196 3371 1404 3571">
     <span class='ocr_line' id='line_1_26' title="bbox 196 3371 1404 3456; baseline 0.002 -22"><span class='ocrx_word' id='word_1_236' title='bbox 196 3371 239 3435; x_wconf 79' lang='lat'>25</span> <span class='ocrx_word' id='word_1_237' title='bbox 264 3375 555 3452; x_wconf 81' lang='lat' dir='ltr'>praetereundorum</span> <span class='ocrx_word' id='word_1_238' title='bbox 572 3377 703 3453; x_wconf 84' lang='lat' dir='ltr'>ratione,</span> <span class='ocrx_word' id='word_1_239' title='bbox 733 3377 760 3437; x_wconf 88' lang='lat' dir='ltr'>ai</span> <span class='ocrx_word' id='word_1_240' title='bbox 787 3376 845 3437; x_wconf 91' lang='lat' dir='ltr'>hoo</span> <span class='ocrx_word' id='word_1_241' title='bbox 869 3376 1022 3456; x_wconf 84' lang='lat' dir='ltr'>processit</span> <span class='ocrx_word' id='word_1_242' title='bbox 1035 3398 1108 3455; x_wconf 86' lang='lat' dir='ltr'>uno,</span> <span class='ocrx_word' id='word_1_243' title='bbox 1127 3378 1255 3439; x_wconf 90' lang='lat' dir='ltr'>alterum</span> <span class='ocrx_word' id='word_1_244' title='bbox 1285 3377 1404 3439; x_wconf 88' lang='lat' dir='ltr'>duobus</span> 
     </span>
     <span class='ocr_line' id='line_1_27' title="bbox 265 3489 736 3571; baseline 0.011 -23"><span class='ocrx_word' id='word_1_245' title='bbox 265 3489 386 3568; x_wconf 88' lang='lat' dir='ltr'>punctis</span> <span class='ocrx_word' id='word_1_246' title='bbox 402 3493 590 3570; x_wconf 87' lang='lat' dir='ltr'>processerit</span> <span class='ocrx_word' id='word_1_247' title='bbox 605 3501 736 3571; x_wconf 89' lang='lat' dir='ltr'>oportet.</span> 
     </span>
    </p>

    <p class='ocr_par' dir='ltr' id='par_1_10' title="bbox 266 3605 1407 3922">
     <span class='ocr_line' id='line_1_28' title="bbox 345 3605 1404 3688; baseline 0.005 -22"><span class='ocrx_word' id='word_1_248' title='bbox 345 3609 362 3656; x_wconf 71' lang='lat' dir='ltr'>i</span> <span class='ocrx_word' id='word_1_249' title='bbox 384 3605 445 3668; x_wconf 84' lang='lat' dir='ltr'>Sed</span> <span class='ocrx_word' id='word_1_250' title='bbox 463 3609 514 3668; x_wconf 81' lang='lat' dir='ltr'>hto</span> <span class='ocrx_word' id='word_1_251' title='bbox 529 3608 653 3669; x_wconf 88' lang='lat' dir='ltr'>additur</span> <span class='ocrx_word' id='word_1_252' title='bbox 675 3608 756 3686; x_wconf 86' lang='lat' dir='ltr'>quod</span> <span class='ocrx_word' id='word_1_253' title='bbox 773 3609 906 3670; x_wconf 83' lang='lat' dir='ltr'>secundo</span> <span class='ocrx_word' id='word_1_254' title='bbox 919 3609 985 3669; x_wconf 91' lang='lat' dir='ltr'>loco</span> <span class='ocrx_word' id='word_1_255' title='bbox 1002 3618 1260 3688; x_wconf 70' lang='lat' dir='ltr'>argmmentantur.</span> <span class='ocrx_word' id='word_1_256' title='bbox 1280 3609 1358 3682; x_wconf 85' lang='lat' dir='ltr'>Quia</span> <span class='ocrx_word' id='word_1_257' title='bbox 1379 3611 1404 3671; x_wconf 89' lang='lat' dir='ltr'>si</span> 
     </span>
     <span class='ocr_line' id='line_1_29' title="bbox 268 3725 1407 3807; baseline 0.004 -24"><span class='ocrx_word' id='word_1_258' title='bbox 268 3731 382 3801; x_wconf 85' lang='lat' dir='ltr'>puncta</span> <span class='ocrx_word' id='word_1_259' title='bbox 399 3731 505 3786; x_wconf 84' lang='lat' dir='ltr'>essent</span> <span class='ocrx_word' id='word_1_260' title='bbox 520 3725 661 3804; x_wconf 85' lang='lat' dir='ltr'>imparia,</span> <span class='ocrx_word' id='word_1_261' title='bbox 683 3746 749 3786; x_wconf 92' lang='lat' dir='ltr'>oum</span> <span class='ocrx_word' id='word_1_262' title='bbox 769 3726 861 3805; x_wconf 89' lang='lat' dir='ltr'>duplo</span> <span class='ocrx_word' id='word_1_263' title='bbox 879 3725 1016 3788; x_wconf 88' lang='lat' dir='ltr'>velocius</span> <span class='ocrx_word' id='word_1_264' title='bbox 1033 3727 1178 3788; x_wconf 85' lang='lat' dir='ltr'>transivit</span> <span class='ocrx_word' id='word_1_265' title='bbox 1194 3735 1308 3806; x_wconf 89' lang='lat' dir='ltr'>puncta</span> <span class='ocrx_word' id='word_1_266' title='bbox 1337 3747 1407 3807; x_wconf 89' lang='lat' dir='ltr'>sep·</span> 
     </span>
     <span class='ocr_line' id='line_1_30' title="bbox 266 3840 1405 3922; baseline 0.005 -24"><span class='ocrx_word' id='word_1_267' title='bbox 266 3847 340 3915; x_wconf 88' lang='lat' dir='ltr'>tem,</span> <span class='ocrx_word' id='word_1_268' title='bbox 364 3840 472 3900; x_wconf 86' lang='lat' dir='ltr'>eodem</span> <span class='ocrx_word' id='word_1_269' title='bbox 489 3849 627 3920; x_wconf 81' lang='lat' dir='ltr'>tempore</span> <span class='ocrx_word' id='word_1_270' title='bbox 649 3842 767 3902; x_wconf 87' lang='lat' dir='ltr'>tardius</span> <span class='ocrx_word' id='word_1_271' title='bbox 798 3849 921 3922; x_wconf 90' lang='lat' dir='ltr'>oportet</span> <span class='ocrx_word' id='word_1_272' title='bbox 947 3844 1096 3905; x_wconf 87' lang='lat' dir='ltr'>transisse</span> <span class='ocrx_word' id='word_1_273' title='bbox 1119 3844 1169 3906; x_wconf 87' lang='lat' dir='ltr'>vel</span> <span class='ocrx_word' id='word_1_274' title='bbox 1196 3845 1255 3903; x_wconf 85' lang='lat' dir='ltr'>tria</span> <span class='ocrx_word' id='word_1_275' title='bbox 1286 3852 1405 3904; x_wconf 89' lang='lat' dir='ltr'>tantum</span> 
     </span>
    </p>

    <p class='ocr_par' dir='ltr' id='par_1_11' title="bbox 199 3952 1408 4272">
     <span class='ocr_line' id='line_1_31' title="bbox 199 3952 1407 4040; baseline 0.008 -29"><span class='ocrx_word' id='word_1_276' title='bbox 199 3957 243 4022; x_wconf 89' lang='lat'>30</span> <span class='ocrx_word' id='word_1_277' title='bbox 267 3952 318 4012; x_wconf 90' lang='lat' dir='ltr'>vel</span> <span class='ocrx_word' id='word_1_278' title='bbox 342 3962 489 4032; x_wconf 89' lang='lat' dir='ltr'>quatuor;</span> <span class='ocrx_word' id='word_1_279' title='bbox 512 3964 544 4017; x_wconf 89' lang='lat' dir='ltr'>et</span> <span class='ocrx_word' id='word_1_280' title='bbox 564 3964 636 4016; x_wconf 88' lang='lat' dir='ltr'>tunc</span> <span class='ocrx_word' id='word_1_281' title='bbox 659 3957 788 4018; x_wconf 85' lang='lat' dir='ltr'>aiterum</span> <span class='ocrx_word' id='word_1_282' title='bbox 816 3967 899 4019; x_wconf 86' lang='lat' dir='ltr'>esset</span> <span class='ocrx_word' id='word_1_283' title='bbox 916 3959 984 4038; x_wconf 86' lang='lat' dir='ltr'>pins</span> <span class='ocrx_word' id='word_1_284' title='bbox 1003 3960 1053 4021; x_wconf 89' lang='lat' dir='ltr'>vel</span> <span class='ocrx_word' id='word_1_285' title='bbox 1080 3961 1177 4020; x_wconf 87' lang='lat' dir='ltr'>minus</span> <span class='ocrx_word' id='word_1_286' title='bbox 1201 3980 1290 4036; x_wconf 89' lang='lat' dir='ltr'>quam</span> <span class='ocrx_word' id='word_1_287' title='bbox 1312 3960 1407 4040; x_wconf 88' lang='lat' dir='ltr'>duplo</span> 
     </span>
     <span class='ocr_line' id='line_1_32' title="bbox 266 4069 1406 4156; baseline 0.009 -27"><span class='ocrx_word' id='word_1_288' title='bbox 266 4069 416 4149; x_wconf 83' lang='lat' dir='ltr'>velocius,</span> <span class='ocrx_word' id='word_1_289' title='bbox 437 4073 518 4149; x_wconf 91' lang='lat' dir='ltr'>quod</span> <span class='ocrx_word' id='word_1_290' title='bbox 535 4092 595 4133; x_wconf 89' lang='lat' dir='ltr'>non</span> <span class='ocrx_word' id='word_1_291' title='bbox 614 4074 856 4152; x_wconf 88' lang='lat' dir='ltr'>supponebatur;</span> <span class='ocrx_word' id='word_1_292' title='bbox 884 4075 934 4136; x_wconf 88' lang='lat' dir='ltr'>vol</span> <span class='ocrx_word' id='word_1_293' title='bbox 959 4076 1104 4138; x_wconf 86' lang='lat' dir='ltr'>triacum</span> <span class='ocrx_word' id='word_1_294' title='bbox 1126 4076 1267 4156; x_wconf 86' lang='lat' dir='ltr'>dimidio,</span> <span class='ocrx_word' id='word_1_295' title='bbox 1286 4084 1318 4139; x_wconf 91' lang='lat' dir='ltr'>et</span> <span class='ocrx_word' id='word_1_296' title='bbox 1334 4084 1406 4139; x_wconf 90' lang='lat' dir='ltr'>tunc</span> 
     </span>
     <span class='ocr_line' id='line_1_33' title="bbox 266 4186 1408 4272; baseline 0.009 -26"><span class='ocrx_word' id='word_1_297' title='bbox 266 4194 409 4267; x_wconf 88' lang='lat' dir='ltr'>punctum</span> <span class='ocrx_word' id='word_1_298' title='bbox 431 4195 514 4248; x_wconf 89' lang='lat' dir='ltr'>esset</span> <span class='ocrx_word' id='word_1_299' title='bbox 539 4186 709 4265; x_wconf 86' lang='lat' dir='ltr'>dividuum,</span> <span class='ocrx_word' id='word_1_300' title='bbox 740 4189 825 4249; x_wconf 89' lang='lat' dir='ltr'>cuius</span> <span class='ocrx_word' id='word_1_301' title='bbox 852 4193 1037 4254; x_wconf 87' lang='lat' dir='ltr'>contrarium</span> <span class='ocrx_word' id='word_1_302' title='bbox 1062 4193 1186 4272; x_wconf 89' lang='lat' dir='ltr'>ponitur</span> <span class='ocrx_word' id='word_1_303' title='bbox 1213 4195 1252 4255; x_wconf 89' lang='lat' dir='ltr'>ab</span> <span class='ocrx_word' id='word_1_304' title='bbox 1279 4202 1408 4272; x_wconf 88' lang='lat' dir='ltr'>utraque</span> 
     </span>
    </p>
   </div>
   <div class='ocr_carea' id='block_1_3' title="bbox 265 4305 564 4385">
    <p class='ocr_par' dir='ltr' id='par_1_12' title="bbox 265 4305 564 4385">
     <span class='ocr_line' id='line_1_34' title="bbox 265 4305 564 4385; baseline 0.003 -20"><span class='ocrx_word' id='word_1_305' title='bbox 265 4305 451 4384; x_wconf 89' lang='lat' dir='ltr'>opinantium</span> <span class='ocrx_word' id='word_1_306' title='bbox 469 4313 564 4385; x_wconf 87' lang='lat' dir='ltr'>parte.</span> 
     </span>
    </p>
   </div>
   <div class='ocr_carea' id='block_1_4' title="bbox 658 4413 1405 4429">
    <p class='ocr_par' dir='ltr' id='par_1_13' title="bbox 658 4413 1405 4429">
     <span class='ocr_line' id='line_1_35' title="bbox 658 4413 1405 4429; baseline 0.015 -11"><span class='ocrx_word' id='word_1_307' title='bbox 658 4413 712 4419; x_wconf 80' lang='lat'><em>—</em></span> <span class='ocrx_word' id='word_1_308' title='bbox 835 4416 983 4422; x_wconf 78' lang='lat'><em>.—--—</em></span> <span class='ocrx_word' id='word_1_309' title='bbox 1017 4418 1102 4423; x_wconf 78' lang='lat'><strong>.—-—</strong></span> <span class='ocrx_word' id='word_1_310' title='bbox 1134 4419 1245 4427; x_wconf 65' lang='lat'><strong>.-·——·</strong></span> <span class='ocrx_word' id='word_1_311' title='bbox 1272 4420 1405 4429; x_wconf 68' lang='lat'>——-=-——-</span> 
     </span>
    </p>
   </div>
   <div class='ocr_carea' id='block_1_5' title="bbox 360 4412 947 4506">
    <p class='ocr_par' dir='ltr' id='par_1_14' title="bbox 360 4412 947 4506">
     <span class='ocr_line' id='line_1_36' title="bbox 360 4412 947 4506; baseline 0.007 -17"><span class='ocrx_word' id='word_1_312' title='bbox 360 4412 728 4506; x_wconf 26' lang='lat' dir='ltr'>&amp;praecidendo-‚niterina-</span> <span class='ocrx_word' id='word_1_313' title='bbox 754 4414 766 4419; x_wconf 95' lang='lat'>..</span> <span class='ocrx_word' id='word_1_314' title='bbox 784 4440 814 4492; x_wconf 83' lang='grc'>18</span> <span class='ocrx_word' id='word_1_315' title='bbox 831 4443 947 4493; x_wconf 84' lang='lat' dir='ltr'>rotinus</span> 
     </span>
    </p>
   </div>
   <div class='ocr_carea' id='block_1_6' title="bbox 0 0 1725 5138">
    <p class='ocr_par' dir='ltr' id='par_1_15' title="bbox 0 0 1725 5138">
     <span class='ocr_line' id='line_1_37' title="bbox 0 0 1725 5138; baseline 0 0"><span class='ocrx_word' id='word_1_316' title='bbox 0 0 1725 5138; x_wconf 95' lang='lat' dir='ltr'> </span> 
     </span>
    </p>
   </div>
  </div>
 </body>
</html>
