3428 5138
374 843 657 948 IORDANI
712 837 921 941 BRVNI
976 832 1226 937 NOLANI
1370 870 1411 931 p.
1431 853 1529 916 130

228 1147 292 1211 DE
320 1140 576 1225 PRINCIPIIS
606 1134 865 1204 MENSVRAE
892 1133 952 1198 ΕΤ
979 1129 1193 1197 FIGVRAE
1216 1127 1373 1193 LIBER.

687 2079 840 2149 CAPVT
875 2075 921 2146 Ι.’

271 2359 425 2409 Progrcaaloa
440 2356 538 2396 monade
550 2354 579 2395 ad
591 2366 678 2405 pauca,
690 2353 743 2394 indo
756 2353 784 2393 ad
794 2354 893 2402 plurima
905 2363 974 2402 usquo
986 2351 1015 2392 ad
1027 2351 1148 2390 innumera
1159 2353 1183 2389 ot
1193 2350 1339 2390 immensum.

187 2636 208 2701 5
321 2633 368 2698 Et
383 2630 564 2697 monadem
580 2629 617 2694 in
634 2627 780 2711 tetrade,
798 2634 832 2693 et
849 2628 1019 2694 tetradem
1035 2627 1072 2693 in
1089 2626 1234 2693 monade
1250 2627 1375 2693 extulit

230 2749 449 2836 Pythagoras
469 2746 605 2813 Samius
624 2745 746 2812 Latiae
765 2746 899 2810 telluris
915 2747 1090 2830 alumnus,
1282 2744 1376 2829 [olim

232 2866 299 2943 Qui
319 2865 499 2932 monadem
519 2864 556 2928 in
575 2863 729 2945 diadem,
750 2862 886 2928 diadem
905 2863 943 2928 in
958 2863 1119 2946 triadem,
1139 2863 1355 2949 triademque

232 2981 274 3046 In
290 2980 460 3045 tetradem
475 2978 593 3045 docuit
608 2978 830 3064 migrantem3
849 2979 939 3045 hanc
958 2979 1107 3065 denique
1126 2978 1230 3044 finem

233 3096 278 3161 Et
297 3118 479 3161 numerum
498 3117 613 3161 rerum
631 3094 721 3159 dixit
740 3101 982 3180 momentaque
999 3095 1135 3161 habere.
1305 3110 1313 3121 “
1368 3125 1380 3162 a

169 3211 211 3274 10
234 3213 323 3279 Nam
339 3237 401 3302 per
420 3237 454 3278 se
470 3212 584 3300 primo
604 3220 655 3278 est
675 3212 871 3297 minimum,
892 3235 959 3298 quo
978 3211 1101 3278 deinde
1116 3210 1246 3277 fluente

233 3330 352 3395 Prima
372 3330 445 3396 dias
466 3329 640 3415 sequitur,
659 3328 741 3414 quia
760 3329 852 3394 linea
871 3337 964 3395 recta
982 3328 1115 3395 duobus

234 3445 380 3512 Finibus
396 3445 530 3511 inclusa
549 3444 691 3530 obliquo
706 3445 803 3533 prior
821 3445 942 3511 ordine
959 3468 1047 3533 gyro
1067 3451 1132 3528 est,

234 3561 301 3639 Qui
319 3562 461 3648 genitur
480 3560 618 3646 quando
638 3567 827 3626 costantem
846 3562 1016 3626 terminus
1036 3561 1124 3627 alter

233 3677 379 3761 Circuit,
399 3677 436 3742 in
455 3683 623 3764 punctum
643 3677 756 3762 quoad
774 3678 820 3743 sit
839 3678 1016 3744 revolutus
1035 3677 1196 3761 eundem,
1355 3709 1379 3746 ιο

168 3788 210 3852 15
233 3795 410 3880 Rectaque
429 3795 585 3860 continui
604 3794 718 3861 fluxus
736 3795 884 3883 vestigia
903 3795 1032 3878 iunxit3

232 3910 314 3977 Mox
332 3911 477 3998 planum
495 3911 671 3977 inversum
691 3919 809 3979 centro
829 3919 1009 3979 constante
1028 3919 1183 4000 reportat

234 4026 441 4114 Corpoream
461 4026 624 4114 sphaerae
644 4028 802 4115 speciem.
821 4028 942 4114 Neque
960 4037 1040 4116 post
1056 4029 1159 4094 datur
1180 4029 1271 4094 ultra
1380 4015 1529 4107 p.131'

234 4144 388 4209 Tendere
405 4144 589 4211 continuae
609 4145 709 4212 molis
728 4145 901 4232 reliquum
921 4145 965 4211 ad
983 4168 1093 4231 genus
1110 4145 1232 4228 ullam3

327 4435 366 4486 12.
378 4435 407 4485 13
424 4438 479 4486 est.
494 4435 549 4498 Qui
562 4435 682 4499 genitur
