3428 5138
598 406 643 451 nn
664 407 776 451 unum
796 406 1003 453 nrrsrmrrra.
1311 391 1367 450 159

227 566 344 645 posita,
370 568 605 624 mensurantem.
633 559 722 621 Licet
748 560 830 636 quod
846 560 878 621 in
895 581 955 621 uno
981 581 1075 641 opere
1096 568 1254 640 acceptum
1270 567 1370 621 estut

228 682 326 761 prima
339 698 421 758 pars,
436 678 496 738 alio
511 677 542 737 in
558 696 650 754 opere
661 683 695 736 ut
709 676 817 736 ultima
831 677 899 755 capi
916 678 1023 756 possit.
1036 676 1139 738 Nihilo
1154 685 1256 737 temen
1269 676 1369 735 minus

228 795 451 876 quantumlibet
475 814 569 872 opera
590 800 661 872 post
678 813 771 874 opera
794 793 993 872 multiplicet3
1015 813 1167 871 nunquam
1184 793 1250 854 sine
1271 792 1370 873 prima

229 913 330 993 posita
347 910 478 988 quadarn
495 918 583 989 parte
600 917 631 970 et
649 910 679 969 in
695 929 730 970 eo
749 926 842 987 opere
857 910 981 970 minima
998 909 1183 988 operabitur.
1194 908 1281 968 Artis
1295 925 1369 984 ergo

186 1033 207 1097 ὅ
230 1029 300 1106 quia
316 1026 475 1087 indefinita
492 1035 540 1086 est
558 1025 705 1105 operatio,
717 1024 786 1085 ideo
805 1033 836 1085 et
849 1024 1040 1085 indefinitum
1054 1033 1102 1086 est
1115 1024 1279 1085 minimum.
1293 1022 1371 1096 Quia

156 1171 160 1180 ·
229 1146 302 1206 item
318 1163 380 1203 non
397 1152 446 1203 est
461 1142 580 1202 infinita
598 1141 746 1219 operatio,
767 1161 865 1219 neque
886 1140 1006 1202 infinita
1024 1140 1276 1202 subordinatione
1294 1158 1371 1217 opus

232 1268 290 1337 est,
310 1268 344 1321 ut
360 1258 406 1318 illi
423 1258 524 1318 minus
546 1266 696 1338 perpetuo
714 1258 770 1318 sub
787 1258 903 1319 minore
920 1257 1106 1319 subiiciatur.
1125 1257 1162 1318 Iu
1182 1264 1291 1315 natura
1311 1274 1373 1314 non

231 1379 317 1455 item3
333 1377 475 1456 quoniam
493 1375 695 1436 determinata
707 1384 756 1436 est
767 1374 805 1434 ad
819 1376 981 1436 maximum
999 1382 1030 1436 et
1047 1374 1120 1434 mini
1129 1374 1223 1457 imum
1236 1372 1269 1432 in
1280 1371 1372 1432 omni·
1393 1379 1434 1440 1).
1447 1361 1517 1426 89

231 1499 288 1559 bus
306 1497 400 1557 linitis
417 1495 588 1575 speciebus.
605 1494 730 1556 Infinita
748 1515 835 1572 vero,
855 1515 912 1573 per
935 1494 1034 1555 Deum
1060 1493 1276 1570 immortalem,
1303 1511 1373 1569 qua-

168 1612 211 1676 10
232 1635 300 1674 nam
316 1615 436 1675 ratione
452 1613 499 1672 illi
516 1632 593 1692 opus
610 1631 679 1673 esse
696 1612 813 1688 queat?

311 1730 329 1776 ‘l
349 1729 516 1806 Minimum,
535 1727 682 1806 inquiunt,
699 1726 783 1787 nulla
796 1734 845 1788 est
860 1747 942 1808 pars.
959 1728 1013 1805 At,
1025 1727 1156 1805 inquam,
1168 1725 1240 1805 quid
1251 1726 1373 1786 nomine

234 1846 348 1906 minimi
362 1845 538 1922 intelligere
555 1852 697 1923 possunt,
715 1850 928 1923 praeterquam
945 1843 1074 1923 primam
1091 1851 1219 1921 partem,
1237 1861 1296 1919 qua
1312 1862 1375 1903 non

236 1973 285 2025 est
305 1964 404 2042 prior?
424 1961 579 2039 Numquid
596 1963 628 2022 in
654 1961 734 2021 omni
759 1968 791 2022 et
817 1980 1005 2039 quocumque
1032 1960 1139 2022 ordine
1165 1961 1298 2039 partium
1314 1981 1375 2021 non

238 2082 330 2143 debet
347 2101 416 2142 esse
432 2081 550 2160 prima?
568 2078 722 2156 Numquid
740 2079 767 2139 si
784 2079 913 2157 primum
930 2098 991 2139 non
1007 2078 1157 2156 extiterit,
1176 2079 1292 2156 aliquid
1309 2079 1375 2140 eius

171 2199 213 2262 15
237 2200 352 2261 ordinis
368 2219 436 2260 esse
451 2198 567 2279 poterit
583 2208 654 2278 post
667 2198 789 2278 ipsum?
804 2198 962 2271 Quomodo
980 2199 1069 2277 ponis
1087 2206 1191 2277 partes
1207 2199 1327 2277 priores
1344 2209 1376 2260 et

237 2315 425 2395 posteriores
443 2335 513 2376 esse
529 2317 645 2393 absque
663 2314 780 2395 prima?
795 2314 954 2388 Quomodo
968 2323 1073 2394 partes
1090 2315 1222 2377 maiores
1236 2325 1268 2376 et
1284 2316 1376 2376 minc·

237 2452 287 2493 res
300 2450 369 2493 esse
387 2430 475 2506 dicis,
494 2451 620 2508 quarum
638 2451 698 2491 non
714 2431 756 2490 sit
769 2431 913 2491 minima?
930 2433 982 2491 An
997 2452 1058 2491 non
1075 2432 1118 2492 ita
1134 2439 1243 2493 natura
1260 2452 1379 2512 compa·

236 2556 304 2608 rata
322 2555 370 2608 est
396 2547 506 2607 relatio
533 2545 647 2607 minimi
670 2546 708 2605 ad
733 2548 908 2625 maximum,
936 2547 1053 2627 primae
1079 2567 1189 2627 nempe
1210 2548 1309 2626 partis
1336 2547 1376 2608 ad

238 2674 349 2742 totum,
379 2664 458 2724 sicut
474 2663 599 2724 maioris
616 2662 655 2723 ad
672 2662 792 2724 minus?
807 2665 858 2723 An
874 2665 954 2726 sicut
973 2665 1072 2726 maius
1098 2663 1199 2726 tendit
1224 2664 1264 2725 ad
1289 2664 1381 2727 maxi·

172 2784 218 2847 20
240 2803 334 2859 mum,
352 2789 384 2842 ot
401 2779 501 2845 minus
518 2781 557 2841 ad
574 2779 729 2841 minimum
744 2801 804 2841 non
822 2781 1001 2843 contendit?

318 2895 334 2942 “l
355 2898 412 2958 Ais
430 2898 554 2959 iterum:
573 2897 655 2974 quod
676 2898 796 2977 accepit
811 2906 845 2959 ut
861 2898 1002 2978 primam,
1020 2918 1090 2959 mox
1107 2900 1222 2979 poterit
1240 2901 1380 2981 accipere

239 3024 272 3076 ut
289 3015 425 3076 ultimam
442 3021 574 3092 partem,
592 3033 646 3074 seu
662 3014 695 3073 in
712 3015 771 3075 alio
786 3034 946 3076 mensurae
959 3023 1039 3094 actu,
1055 3022 1090 3076 ut
1104 3015 1257 3093 quoddam
1271 3024 1380 3079 totum.

239 3133 331 3209 Esto,
349 3130 482 3208 inquam,
502 3130 546 3190 ita
562 3150 596 3190 se
613 3140 701 3210 putet
718 3131 905 3193 descendere
922 3132 1160 3211 magnitudinem
1178 3132 1342 3195 dividendo
1361 3156 1379 3195 a

240 3250 325 3309 finito
357 3269 464 3310 versus
494 3247 658 3326 infinitum,
690 3250 770 3310 sicut
794 3269 936 3309 numeros
965 3251 1196 3329 multiplicando
1228 3251 1377 3329 ascendit;

175 3370 217 3433 ‘25
240 3367 356 3426 frustra
372 3365 514 3425 nimirum
531 3384 598 3424 eam
615 3366 646 3424 in
663 3365 801 3443 potentia
824 3365 1004 3427 infinitatem
1031 3366 1200 3444 concludis,
1224 3367 1262 3426 ad
1291 3389 1381 3445 quam

241 3485 355 3544 nullum
370 3484 421 3544 vel
436 3483 596 3561 adspirare
611 3490 712 3543 actum
727 3483 819 3560 digne
831 3484 933 3563 possis
947 3503 1094 3545 asserere.
1107 3483 1186 3556 Quid
1202 3486 1282 3545 enim
1296 3486 1384 3548 iuvat

243 3600 406 3661 obtrudere
435 3599 520 3660 illam
551 3599 796 3659 mathematicam
823 3599 991 3677 potentiam
1021 3619 1081 3660 non
1111 3600 1270 3679 alligatam
1299 3602 1380 3662 actui

245 3717 338 3796 (sicut
351 3725 398 3776 est
413 3717 539 3794 alligata
557 3715 699 3795 physica)
714 3715 745 3774 in
758 3715 908 3776 infinitum
922 3715 1024 3793 potius
1041 3715 1166 3795 frustra,
1182 3737 1273 3793 quam
1289 3718 1381 3778 ratio·

243 3833 386 3893 nabilitor
402 3834 433 3892 iu
450 3832 661 3892 indefinitum?
679 3832 849 3909 Minimum,
866 3833 926 3911 ais,
944 3832 971 3893 si
988 3832 1100 3911 tangit,
1122 3840 1187 3893 tcto
1214 3853 1248 3893 ee
1268 3833 1383 3913 tangit,

179 3960 222 4021 30
246 3958 277 4011 et
293 3950 352 4010 hcc
375 3969 433 4008 non
461 3950 555 4008 saciet
574 3948 684 4025 maius;
703 3949 773 4026 quia
794 3948 923 4009 alterum
944 3949 1099 4009 minimum
1114 3969 1175 4008 non
1192 3969 1261 4010 csse
1279 3957 1383 4030 potest

247 4079 333 4129 extra
353 4068 481 4128 alterum
505 4064 670 4127 secundum
687 4087 776 4128 uuam
794 4083 926 4146 partem,
945 4076 977 4128 et
1000 4072 1067 4128 cum
1091 4067 1189 4128 altero
1217 4067 1382 4129 secundum

247 4189 389 4262 alteram;
409 4187 478 4264 quia
496 4187 540 4247 sic
557 4186 682 4246 habebit
700 4196 818 4265 partem
835 4195 867 4247 et
887 4195 1019 4268 partem,
1039 4207 1105 4248 eam
1126 4207 1202 4264 quae
1225 4194 1332 4265 tangat
1353 4196 1384 4249 et

248 4327 314 4366 cam
335 4326 393 4381 qun
415 4304 508 4364 faciat
525 4303 635 4376 maius;
653 4323 747 4379 quare
774 4303 800 4364 si
826 4312 875 4365 est
902 4304 1069 4382 minimum,
1087 4325 1148 4366 non
1174 4304 1251 4364 facit
1274 4304 1381 4366 maius.

249 4421 334 4482 Sicut
351 4440 423 4481 vcro
441 4441 499 4480 non
519 4418 594 4479 facit
612 4439 715 4496 uuum,
734 4419 778 4481 ita
795 4439 893 4497 neque
910 4417 1024 4482 faciant
1040 4420 1140 4481 omnia
1154 4428 1285 4499 oportet.
1300 4420 1383 4499 Ergo
