3428 5138
624 454 669 499 no
690 455 801 501 mauu
821 455 1028 501 axrsrsurm.
1342 438 1396 501 171

255 608 307 670 ille
326 608 456 670 effluxae
478 618 510 669 et
537 613 718 688 propagatio
744 611 890 687 cernitur,
916 619 947 671 et
974 619 1022 671 est
1048 618 1082 670 ut
1106 611 1211 672 radius
1234 618 1266 671 et
1291 609 1396 687 fulgur

255 723 330 785 solis
344 725 393 784 lux
416 726 477 785 alia
497 734 546 787 est
562 727 600 786 ab
621 747 657 786 ea
673 746 750 803 qnae
767 737 870 787 manet
883 727 915 786 in
929 727 993 787 sole
1005 727 1347 804 incommunicabiliter,
1367 734 1399 786 et

253 860 289 901 ea
310 861 387 918 quae
404 850 452 902 est
467 842 626 903 formatrix
646 843 720 904 solis
737 842 888 904 individui
910 843 999 903 huius
1019 850 1051 903 et
1067 843 1161 920 illins,
1186 842 1249 902 alia
1266 842 1340 902 item
1358 842 1397 902 ab

254 977 290 1018 ea
310 978 387 1035 quae
409 928 550 1020 absoluta
575 968 624 1021 est
644 981 701 1040 per
721 980 755 1022 se
776 960 949 1022 substantia
965 961 1126 1038 quaedam,
1146 961 1267 1037 qualem
1285 960 1397 1039 primo·

209 1074 388 1150 bgeuitem
409 1076 441 1136 in
461 1096 516 1137 sua
543 1076 658 1139 Genesi
683 1078 881 1156 appellavere
905 1076 1022 1155 Moses,
1053 1075 1257 1154 Trimsgistus
1288 1085 1321 1138 et
1347 1077 1399 1137 alii

254 1189 402 1251 Chaldaei
419 1197 451 1252 et
467 1192 627 1273 Aegyptii.
647 1193 776 1265 Quarto:
802 1201 851 1255 est
871 1194 923 1254 lux
945 1214 1002 1272 per
1032 1192 1210 1268 gradualem
1229 1192 1400 1272 partecipa-

252 1305 376 1384 tionem,
400 1315 434 1367 ut
455 1328 523 1386 uer,
541 1308 629 1387 luna,
647 1308 756 1385 tellus,
776 1309 933 1388 speculum
958 1317 990 1370 et
1010 1308 1127 1386 reliqua
1147 1326 1226 1385 quae
1250 1307 1327 1368 lueis
1351 1327 1401 1368 no

153 1422 159 1439 ⁸
254 1443 324 1485 men
354 1424 540 1504 improprius
564 1435 720 1506 usurpant.
743 1427 838 1488 Hisce
858 1427 902 1488 ita
928 1446 962 1488 se
990 1425 1174 1487 habentibus
1205 1424 1335 1485 dicimus
1358 1425 1403 1485 lu·

256 1560 320 1600 cem
336 1541 509 1619 punctalem
527 1542 613 1622 (licet
623 1543 664 1603 sit
674 1543 845 1622 possibilis)
856 1544 940 1604 nullo
951 1551 1041 1623 pacto
1053 1538 1161 1603 videri.
1178 1540 1257 1618 Non,
1268 1538 1399 1617 inquam,

189 1654 232 1718 lO
254 1656 432 1718 immediate
451 1666 483 1719 et
504 1679 560 1737 per
583 1680 629 1737 se,
660 1659 729 1736 quia
758 1661 806 1740 (ut
832 1660 1094 1740 perspectivorum
1121 1658 1257 1738 ipsorum
1284 1656 1401 1717 ratione

255 1778 336 1856 utar)
361 1795 421 1836 non
447 1775 523 1836 facit
539 1776 744 1856 pyramidem,
763 1777 905 1855 quicquid
927 1785 1029 1838 autem
1051 1776 1175 1836 videtur
1195 1776 1253 1836 sub
1271 1772 1402 1854 pyrami-

255 1894 307 1970 de,
327 1893 412 1954 cuius
433 1893 518 1953 basis
530 1902 579 1954 est
594 1894 626 1953 in
644 1914 678 1953 re
693 1894 768 1970 visa,
782 1914 876 1955 conus
891 1913 965 1954 vero
979 1893 1011 1954 in
1028 1892 1133 1968 oculo;
1151 1891 1236 1970 atqui
1252 1911 1271 1951 e
1287 1897 1401 1969 puncto

256 2013 296 2073 ad
312 2020 458 2091 punctum
475 2032 533 2072 nou
553 2018 601 2072 est
622 2014 770 2092 pyramis,
790 2012 844 2073 sed
867 2011 1094 2095 simplicissima
1110 2011 1205 2071 linea:
1223 2028 1282 2068 nou
1309 2008 1401 2068 eiiam

255 2127 400 2208 mediate,
420 2127 489 2205 quie
507 2146 544 2188 ex
563 2127 726 2189 diffusione
743 2128 797 2188 illa
814 2128 975 2208 sphaerice
998 2128 1095 2206 fecta,
1112 2146 1190 2204 quae
1210 2123 1287 2187 facit
1303 2125 1401 2184 lucem

190 2238 232 2302 li)
256 2245 421 2322 visibilem,
440 2264 501 2305 non
523 2243 697 2322 colligimus
724 2265 817 2307 sensu
838 2265 937 2323 neque
958 2245 1078 2307 ratione
1102 2245 1202 2305 lucem
1225 2242 1398 2322 punctalem

255 2381 337 2439 esse,
364 2362 445 2424 siout
465 2371 497 2423 et
517 2362 688 2441 triangulus
713 2363 918 2440 aequilaterus
939 2363 1012 2444 (etsi
1032 2381 1106 2424 vere
1128 2362 1170 2423 sit
1190 2360 1398 2438 aequilaterus

256 2478 295 2538 ad
323 2479 495 2557 punctalem
522 2496 617 2553 usque
640 2480 855 2555 aequalitatem
873 2480 1015 2552 laterum)
1034 2498 1126 2540 seusu
1146 2498 1207 2538 non
1230 2484 1336 2557 potest
1356 2476 1401 2538 iu·

257 2594 367 2671 dicari;
393 2604 456 2657 stat
484 2595 563 2657 enim
591 2597 671 2673 quod
696 2597 850 2677 videatur,
877 2619 938 2659 non
961 2605 1063 2660 autem
1087 2597 1169 2676 quod
1195 2599 1252 2659 sub
1279 2596 1400 2658 ratione

260 2711 455 2789 aequalitatis
481 2712 633 2775 videatur.
659 2714 708 2774 Ita
736 2721 799 2775 stat
827 2735 900 2794 ergo
918 2717 1017 2777 lucem
1038 2713 1213 2795 punctalem
1239 2733 1308 2776 esse
1330 2713 1403 2775 visi-

189 2831 234 2896 20
259 2834 368 2911 bilem,
402 2834 540 2896 sednon
571 2835 627 2896 sub
651 2835 863 2913 punctalitttis
889 2836 1008 2897 ratione
1034 2837 1085 2896 vel
1113 2843 1235 2914 natura,
1259 2834 1316 2896 sed
1343 2835 1400 2896 sub

257 2950 432 3013 diffusione.

714 3284 868 3352 OAPV'P
904 3284 949 3348 X.

487 3451 641 3502 Distingoltur
652 3451 771 3493 mlulrnum
787 3454 811 3494 ln
823 3466 906 3504 genero
919 3465 933 3494 a
945 3455 1039 3495 mlnlmo
1050 3456 1161 3497 absoluto.

346 3645 487 3709 Praeter
506 3644 700 3711 subiectum
720 3645 916 3731 minimum,
936 3648 1028 3734 quod
1047 3648 1091 3715 ab
1107 3656 1181 3717 arte
1200 3649 1345 3716 subinde

189 3756 232 3821 25
256 3760 418 3825 Solertirn
437 3760 534 3826 varia
555 3761 714 3849 capiatur
733 3763 920 3850 positione,

256 3874 312 3940 Au
331 3883 529 3963 certumque
548 3900 671 3965 genua,
692 3880 840 3967 speciem
859 3903 1108 3969 numerumque
1127 3883 1274 3949 relatum
1293 3889 1355 3968 cst,

255 3991 408 4057 Naturae
427 4003 507 4060 aute
531 3995 646 4061 oculos
663 4004 715 4062 esi
735 3997 772 4062 in
789 3998 991 4085 gremioque
1010 4021 1198 4085 manuque,
1418 4031 1461 4094 p,
1476 4016 1547 4079 40

256 4106 331 4186 Quo
350 4109 478 4196 specics
498 4117 626 4176 certam
642 4118 816 4198 nequount
831 4114 1073 4180 transcendere
1090 4122 1227 4180 metam.
1386 4142 1399 4182 ι

256 4222 334 4288 Νοιι
354 4223 497 4290 minimo
518 4225 719 4293 minorasse
737 4235 851 4316 potest
870 4229 971 4315 bove,
988 4252 1105 4297 musca
1124 4230 1305 4317 minorque

189 4337 234 4402 30
255 4338 338 4406 Esse
356 4349 470 4428 potest
490 4341 648 4427 minima,
667 4343 833 4410 uiuariis
852 4344 1072 4433 numerisque
1091 4357 1291 4435 resurgunt,

256 4455 315 4524 Sic
333 4480 443 4545 nequo
462 4481 623 4526 mensura
641 4467 723 4527 sunt
741 4482 811 4528 une
831 4462 1080 4548 consimilique.
