3428 5138
262 415 321 474 336
576 427 715 472 rounsm
732 426 833 471 nnrm
855 426 900 470 nn
921 425 1056 488 nmmo,
1079 424 1108 470 r.

340 584 421 643 Heio
437 582 618 659 arigulorum
633 600 790 659 numerus,
809 581 861 657 qui
874 581 905 640 in
918 580 1035 658 figurae
1051 579 1216 657 perimetro
1234 577 1415 658 concipiun-

261 710 323 780 tur,
340 709 490 781 perpetuo
503 701 609 761 eodem
620 699 769 760 linearum
785 719 911 760 numero
928 698 1086 775 definitur,
1103 698 1224 758 nonita
1241 697 1275 757 in
1289 697 1413 773 figurae

260 820 352 898 plano
369 820 460 881 facile
478 818 879 897 sernp01·eritratiocinari.
904 817 1086 879 Conditione
1110 817 1186 877 item
1212 815 1266 876 illa
1294 824 1361 875 tres
1378 816 1415 876 li·

261 955 336 997 neae
350 937 380 996 in
393 935 578 1013 triangulum
597 941 829 1013 componentur,
843 955 902 1011 qua
912 934 1033 994 illarum
1045 934 1123 995 duae
1139 952 1348 1011 quaecumque
1363 951 1413 992 ac-

216 1050 236 1112 b
260 1060 368 1131 ceptae
386 1053 478 1112 tertia
503 1053 565 1112 sint
586 1052 727 1111 maiores.
746 1051 1016 1112 Demonstratione
1040 1050 1100 1111 hoo
1127 1048 1187 1109 alia
1203 1048 1321 1109 Zenoni
1347 1068 1409 1107 non

259 1168 432 1246 indigebat,
452 1168 522 1244 quia
540 1166 696 1228 evidentia
713 1168 779 1228 eius
797 1168 892 1228 currit
909 1188 976 1228 cum
992 1168 1059 1227 luce
1078 1187 1137 1244 qua
1157 1173 1275 1226 rectam
1298 1162 1410 1223 defini·

259 1305 327 1344 mus
343 1286 422 1345 inter
439 1284 499 1344 duo
517 1292 630 1363 puncta
650 1284 874 1345 brevissimam.

700 1698 854 1764 OAPVT
890 1698 968 1763 VII.

745 1950 922 1994 Tsnmm'vs

196 2081 237 2144 10
425 2098 574 2149 Triangulum
590 2098 756 2147 aequilaterum
770 2097 853 2137 circulo
868 2095 967 2135 inscribo
982 2097 1005 2135 ct
1019 2094 1179 2135 circumscribo
1196 2098 1240 2134 etc.

351 2340 399 2407 Ut
418 2338 514 2404 raclio
532 2338 634 2404 facilc
654 2338 691 2402 in
710 2360 769 2402 sex
787 2343 903 2424 partes
923 2336 1071 2402 circulus
1090 2335 1176 2419 exit,

260 2452 318 2518 Sic
337 2475 472 2538 quoque
491 2453 653 2518 subto-nso
674 2451 770 2516 radio
789 2452 937 2517 arcubus
953 2452 1025 2516 unit
1044 2449 1180 2515 abunde

261 2570 328 2635 Sex
346 2569 487 2636 latcralc
506 2576 619 2654 tuum,
640 2569 848 2654 triquetrum
868 2569 1010 2634 alternis
1031 2591 1166 2655 quoquo
1184 2567 1335 2655 punctis
1413 2572 1561 2646 p.195

259 2685 309 2751 At
327 2686 533 2771 triquetrum
552 2686 668 2770 cyclus
688 2685 986 2773 circumscriptum
1004 2685 1132 2772 accipit
1151 2690 1231 2771 apte

195 2804 236 2867 li)
258 2804 328 2869 Vix
346 2804 417 2868 ullo
437 2802 565 2886 studio,
586 2802 628 2886 si,
649 2824 711 2868 ceu
730 2803 998 2868 mermi-ravimus
1019 2809 1113 2886 ante,
1388 2827 1402 2866 s

258 2919 366 2984 Lince
386 2919 591 3003 contingens
611 2919 707 2984 radio
727 2925 900 3004 nectatur,
921 2919 1081 3004 idemque

259 3035 358 3112 Quod
379 3035 469 3100 latus
489 3044 540 3100 cst
559 3035 721 3121 triqnctri
741 3035 902 3122 inscripti
920 3036 981 3101 fiat
997 3035 1089 3101 basis
1110 3041 1220 3120 extre,

259 3152 440 3218 Consimili
459 3160 563 3237 atque
583 3153 659 3239 pari
679 3153 821 3219 adiecto.
841 3153 940 3218 Nihil
958 3152 1067 3238 exigit
1086 3151 1178 3216 ultra

258 3273 333 3338 Hoc
353 3296 452 3360 epus,
473 3280 512 3337 ut
532 3273 674 3338 Veneris
695 3273 860 3359 templum
881 3272 1118 3358 Adtuetorque
1137 3270 1316 3336 docebant.

192 3496 235 3556 20
337 3493 455 3554 Radius
472 3496 510 3553 ab
527 3495 639 3573 angulo
660 3495 826 3573 inscriptae
852 3494 968 3570 figurae
997 3492 1171 3571 duplicatus
1192 3492 1261 3554 heic
1277 3495 1401 3553 circurn-

258 3610 404 3687 scriptum
432 3611 588 3690 perhibet,
616 3621 649 3672 ut
673 3620 705 3673 et
730 3611 761 3671 in
789 3611 943 3690 plerisque
969 3610 1096 3688 imparis
1127 3613 1243 3671 numeri
1273 3610 1400 3690 cuspide

258 3731 501 3807 exsurgentibus.
520 3730 685 3809 Duplicata
701 3749 774 3789 vcro
791 3750 826 3789 ca
843 3749 920 3806 quae
938 3750 955 3788 a
971 3738 1077 3790 centro
1090 3729 1127 3788 ad
1141 3728 1275 3789 rnediuin
1292 3728 1400 3789 lateris

257 3847 397 3926 inscripti
414 3848 619 3926 protenditur,
637 3856 668 3908 et
682 3849 863 3924 quadratum
882 3856 913 3907 et
933 3867 1010 3923 quae
1025 3847 1173 3923 quadrato
1192 3848 1399 3907 multilaterao

257 3965 505 4026 subalternontur
526 3967 823 4027 cireurnscribuntm.
846 3967 893 4026 Ex
914 3967 1063 4028 lateribus
1090 3968 1164 4028 item
1191 3967 1284 4025 simili
1304 3966 1398 4024 trian-

191 4086 234 4147 25
257 4083 329 4157 gulo
345 4081 435 4142 factis
452 4083 577 4143 basibus
595 4084 622 4143 ei
642 4085 725 4144 cuius
746 4105 765 4144 a
785 4092 890 4143 centro
910 4084 1013 4162 cuspis
1035 4084 1229 4159 terminatur,
1247 4083 1396 4144 facillime

259 4200 297 4258 ad
316 4199 446 4259 similem
464 4199 592 4276 liguram
610 4199 917 4261 circumscribendam
935 4202 985 4260 via
1003 4211 1059 4262 cst.

351 4450 373 4498 1.
384 4451 399 4498 2
416 4447 537 4499 abbiamo
548 4449 674 4516 oppidulo
687 4448 710 4500 le
722 4451 772 4500 duc
785 4448 883 4517 cirpolc
