3428 5138
478 427 523 472 nn
543 426 719 473 emuniens
740 427 919 473 nuusvsun
940 428 982 472 ar
1004 426 1160 473 uisurus.
1331 415 1388 472 281

247 584 346 650 Illius
365 607 384 650 e
403 583 503 649 tectis
523 582 704 670 Hebesque
722 606 784 671 per
802 582 892 649 atria
911 582 1036 649 Vestae

247 702 390 790 Templa
409 701 517 784 subit,
537 700 756 786 mediumque
775 700 873 766 illinc
892 700 1071 766 contendit
1089 700 1127 766 in
1146 701 1278 786 orbem,
1362 732 1389 769 ic

247 816 348 886 Unde
367 817 423 883 dei
442 816 597 902 Scythici
617 815 833 903 contingitur
852 839 912 882 ara
931 815 1121 895 Zamclxis,

172 1008 176 1018 ,
248 933 323 1011 Qua
341 933 498 1000 breviore
516 933 632 1010 focum
651 939 765 999 tractu
783 932 1035 1020 propriumque
1053 932 1183 999 revisit.

200 1049 222 1113 5
246 1052 344 1116 Tunc
363 1050 460 1116 iubet
478 1056 518 1115 ut
537 1049 662 1115 Vestae
680 1048 738 1114 via
756 1055 851 1114 recta
869 1047 916 1114 sit
934 1049 1031 1115 Keos
1049 1071 1171 1134 usque,

244 1165 384 1232 Defluat
402 1187 490 1252 eque
508 1165 603 1232 Keos
621 1164 785 1251 frigentis
805 1164 849 1231 ad
868 1187 927 1231 era
946 1164 1129 1230 Zamclxis.

243 1282 340 1348 Haec
357 1281 495 1366 linquat
514 1280 656 1368 cupiens
675 1279 850 1367 attingere
869 1280 1019 1346 claustra
1040 1280 1188 1364 Quietis,
1361 1310 1388 1349 is

244 1399 290 1463 Et
308 1396 459 1485 propriis
479 1395 618 1462 tandem
637 1395 768 1462 laribus
787 1396 851 1463 dea
869 1397 975 1463 Vesta
993 1395 1141 1463 fruatur.

243 1515 506 1602 Euphrosynem
526 1507 560 1578 et
579 1513 743 1579 Bacchim
759 1512 844 1600 Spes
863 1519 897 1581 et
916 1512 1131 1579 Rhamnusia
1149 1512 1253 1579 rectis

178 1635 221 1700 10
242 1629 437 1718 Attingunt
455 1629 603 1715 semitm,
623 1652 712 1716 gyro
731 1628 994 1714 inscribuntque
1013 1627 1233 1714 quadratum,

242 1746 366 1831 Adque
384 1746 459 1813 vias
479 1752 641 1831 quatuor,
661 1745 758 1832 queis
777 1752 859 1812 sunt
877 1753 975 1833 septa
994 1767 1053 1812 cra
1072 1745 1263 1830 Minervae,

242 1863 475 1949 Perrumpens
493 1884 620 1948 gyrum
639 1861 784 1927 interior
803 1861 860 1927 via
879 1885 915 1927 se
934 1862 1085 1949 applicet
1103 1861 1228 1945 omnis,
1359 1890 1386 1930 ω

243 1977 349 2043 Cuius
368 1977 406 2043 in
423 1985 576 2044 extremo
595 1977 703 2043 vicini
722 1977 877 2044 numinis
896 2002 968 2044 esse

242 2094 424 2161 Desertum
443 2094 544 2182 scito,
566 2095 656 2180 quod
674 2095 754 2181 gyri
774 2094 913 2161 accedat
932 2095 976 2160 ab
994 2095 1073 2161 oris.

698 2401 851 2468 GAPVT
887 2404 928 2470 V.

670 2577 767 2633 Eabrlcs
781 2577 835 2618 atrll
848 2576 953 2618 Veneris.

327 2766 382 2831 En
400 2764 544 2832 Veneris
563 2765 708 2848 cultum,
729 2767 887 2829 sanctum
906 2768 941 2829 et
959 2761 1156 2828 venerabile
1174 2762 1356 2850 templum,

237 2884 280 2949 In
299 2882 398 2949 cuius
417 2881 529 2948 medio
547 2888 647 2969 pater
667 2887 718 2946 est
736 2880 846 2946 Amor
864 2879 1095 2966 ingeniorum.

237 2998 414 3064 Arcanum
434 2997 650 3085 quadruplex
668 2996 785 3082 cyclus
805 2994 1043 3061 concentricus
1063 2995 1183 3061 ambit.

171 3117 216 3182 20
238 3115 312 3180 Hcs
332 3113 449 3200 eequis
468 3113 585 3179 radius
604 3112 812 3179 distinxerat
831 3111 1024 3178 interuallis

236 3232 347 3315 Unus
369 3230 430 3316 qui
448 3253 468 3296 a
488 3228 600 3295 medio
619 3229 771 3316 primum
791 3234 843 3294 est
860 3227 1031 3295 resolutus
1050 3227 1088 3292 in
1107 3227 1240 3313 orbem,
1367 3259 1380 3297 ⁵

237 3347 345 3426 Quem
364 3346 456 3413 senis
475 3346 592 3412 radius
610 3323 758 3433 partiuit
775 3345 904 3411 finibus
924 3344 1030 3430 idem,

234 3465 300 3529 Per
321 3485 405 3549 ques
424 3463 513 3528 fodit
533 3461 641 3528 Amor
660 3460 802 3550 spiculis
821 3483 880 3527 era
900 3461 1029 3527 extima
1047 3462 1153 3546 senis,

234 3581 282 3647 Et
301 3580 445 3646 totidem
464 3583 502 3645 in
521 3585 637 3666 partes
654 3584 853 3666 penetratus
872 3577 999 3644 dividit
1018 3578 1129 3660 orbes3

167 3692 211 3759 25
233 3695 454 3783 Praecipiens
472 3695 652 3783 proprium
672 3702 712 3761 ut
728 3694 868 3782 capiant
886 3694 1079 3782 penetralia
1099 3718 1228 3761 numen

232 3813 368 3879 Cuncta
386 3811 576 3897 sigillatim.
596 3811 739 3877 Bissena
758 3809 840 3877 hinc
859 3811 942 3878 orde
962 3819 1151 3897 quaternus
1353 3843 1377 3880 ιο

232 3928 481 4014 Connumerat‚
502 3928 588 3994 serie
607 3927 671 3995 hac
689 3928 740 3994 ibi
759 3928 1000 4016 conspicienda
1019 3929 1187 3995 locantur.

233 4045 350 4111 Prima
369 4046 460 4111 Boni
478 4052 530 4112 est
546 4045 688 4132 species,
707 4045 898 4111 Concordia
918 4051 1037 4111 sancta
1056 4043 1244 4111 secundum
1264 4053 1316 4110 est

234 4162 345 4227 Nacta
363 4160 490 4245 locum,
510 4160 600 4227 hanc
618 4160 774 4246 sequitur
792 4160 941 4226 Dilectio
961 4167 996 4226 et
1013 4160 1198 4248 Emphasis
1216 4166 1321 4247 etque

166 4280 211 4346 30
233 4277 447 4361 Fascinium,
467 4278 579 4343 Furor
597 4276 776 4343 ardescens
795 4286 829 4342 et
848 4276 970 4343 Gratia
990 4277 1114 4342 suavis.

318 4439 332 4488 l
350 4435 522 4501 Haebcsquc
586 4437 602 4486 9
619 4435 832 4500 Euphrosincm

368 4531 445 4571 uuum
461 4532 515 4580 Opp.
531 4531 572 4570 tat.
588 4530 609 4578 Ι,
627 4531 648 4570 3.
