3428 5138
717 469 761 511 DE
781 468 945 513 MENSVRA.

692 873 843 941 CAPVT
872 873 974 939 ΙἮΠ.

753 1152 917 1197 SOCIH'I'AS.

477 1325 507 1363 m
523 1323 638 1373 triangulo
649 1321 760 1372 inscrlpto
775 1322 909 1372 parallelum
924 1326 977 1372 apto
992 1321 1195 1371 circumscriptum.

348 1562 455 1626 Porro
474 1559 677 1647 parallelum
696 1558 725 1623 si
747 1557 1028 1623 circumscribere
1047 1563 1161 1622 tentas

214 1678 235 1742 5
258 1679 431 1766 Inscripto
450 1678 678 1762 triquetrum,
698 1676 758 1741 fiet
777 1677 807 1740 si
827 1675 982 1740 tenditur
1001 1675 1094 1741 ultra

260 1795 388 1882 Fitque
407 1796 532 1883 duplus
552 1795 668 1859 radius
688 1816 755 1878 quo
774 1793 920 1858 finditur
936 1793 1098 1878 angulus;
1119 1799 1227 1878 utque

262 1912 403 1979 Sacrato
423 1913 460 1978 in
479 1912 622 1979 Veneris
639 1912 771 1998 templo
792 1916 922 1996 quanto
941 1909 1040 1975 Bona
1059 1909 1224 1975 Amorem

261 2027 460 2094 Distantem
478 2027 594 2114 spacio
614 2025 789 2113 aspiciunt
807 2025 901 2110 binc,
919 2025 1068 2110 indeque
1086 2026 1263 2090 Honorem

261 2144 362 2211 Ultra
382 2144 570 2231 sepositum
589 2151 761 2231 spectant,
783 2148 1021 2228 quantumque
1040 2142 1083 2206 ab
1103 2141 1232 2208 Amore

193 2261 237 2325 10
259 2261 322 2325 Est
341 2261 505 2327 abiuneta
524 2261 612 2346 vigil
630 2260 795 2345 Dilectio,
815 2267 955 2346 tamque
974 2261 1125 2326 Koream

259 2379 354 2444 Haec
372 2381 479 2445 latere
498 2403 540 2444 ex
558 2378 626 2446 alio
646 2379 833 2445 distantem
853 2387 987 2462 cernat;
1008 2387 1042 2444 et
1063 2379 1142 2444 inde

260 2494 397 2572 Quanta
416 2496 616 2561 Faseinium
635 2519 655 2561 a
675 2496 806 2561 volueri
826 2496 947 2562 semita
967 2496 1082 2561 obstat
1100 2495 1242 2580 Amore,

259 2611 371 2676 Tanto
391 2634 411 2676 a
429 2611 590 2678 Fasoinio
610 2612 769 2677 directim
787 2612 919 2678 Musica
938 2612 1040 2698 longe
1059 2620 1121 2678 est.

258 2727 344 2792 lnde
363 2728 425 2793 ubi
444 2728 583 2794 defluxu
602 2729 765 2815 iungetur
783 2728 916 2794 Musica
935 2728 1070 2794 Honori

194 2842 236 2904 lt')
259 2846 394 2931 Hisque
413 2847 479 2911 erit
497 2848 664 2913 ambobus
683 2847 796 2913 facilis
816 2848 1000 2914 coniuncte
1019 2847 1149 2932 Korea,

259 2964 301 3028 111
321 2962 452 3050 triplici
471 2973 599 3050 puncto
618 2987 745 3050 gyrum
764 2971 941 3051 tangetur,
960 2971 1001 3030 ut
1019 2963 1112 3031 ultra

259 3079 432 3146 Continuo
451 3081 560 3167 possit
580 3081 787 3146 conscribier
806 3081 901 3145 intus
920 3087 955 3145 et
974 3089 1072 3145 extra

259 3197 440 3264 Consimili
460 3221 593 3285 sempor
612 3197 735 3263 similis
754 3197 888 3263 ratione
906 3198 1029 3281 figura.

260 3315 338 3380 Fiet
357 3323 392 3379 ot
411 3315 448 3379 in
468 3315 588 3379 multis
607 3314 708 3379 facile
727 3313 941 3380 observabile
960 3313 996 3378 id
1015 3313 1145 3401 ipsum,

192 3426 237 3488 ‘20
259 3428 421 3514 Undique
441 3437 476 3494 ot
495 3430 578 3495 haec
596 3429 740 3496 Veneris
759 3431 928 3517 templum
947 3429 1161 3496 demonstrat
1181 3439 1308 3515 aperte.

339 3671 596 3748 Procedentibus,
615 3671 667 3748 qui
686 3690 704 3729 a
722 3679 827 3731 centro
846 3671 983 3732 defluunt
1001 3684 1032 3733 et
1054 3691 1110 3750 per
1127 3670 1256 3749 angulos
1278 3672 1406 3752 iuscrip-

259 3795 309 3849 lae
327 3788 441 3865 figurae
459 3787 682 3866 protenduntur
700 3797 800 3861 extra,
819 3789 914 3848 radiis
932 3791 970 3848 ub
993 3789 1262 3866 aequidistantium
1280 3798 1406 3868 puncto.

259 3926 326 3965 rum
347 3906 458 3966 finibus
479 3910 577 3967 latera
601 3928 618 3967 a
640 3907 865 3984 quantumlibet
891 3907 1018 3967 distanti
1044 3907 1194 3987 parallelo
1222 3918 1405 3970 connectunt

261 4023 351 4083 facile
370 4033 402 4085 ct
416 4045 564 4104 expressa
582 4024 853 4086 demonstratione.

392 4591 466 4630 uuum
482 4592 536 4638 Opp.
552 4591 591 4627 lu.
605 4589 626 4630 1.
638 4590 658 4628 u.
