3428 5138
460 684 650 784 DIVO
695 685 1090 785 RODOLPHO
1136 689 1190 784 ΙΙ
1423 713 1496 776 aa

283 939 589 1010 ROMANORVM
615 941 914 1041 lurassnuoul
938 941 1126 1011 SEMPER
1148 943 1367 1011 AVGVSTO

554 1132 878 1285 Iouuabis'brryups
898 1181 1057 1242 Nouanus
1075 1181 1104 1240 S.

352 2106 392 2172 Si
407 2104 585 2172 distinctio
600 2103 687 2171 lueis
699 2110 734 2170 et
750 2103 980 2188 tenebrarum,
997 2101 1253 2189 Augustissime
1268 2076 1402 2184 Caesar,

215 2231 236 2295 5
265 2229 472 2298 naturaliter
486 2229 588 2297 nobis
610 2232 721 2297 velut
739 2228 777 2296 in
795 2229 954 2318 pluribus
977 2235 1066 2294 esset
1081 2226 1207 2312 indita,
1224 2224 1405 2292 conflictus

261 2357 318 2423 ille
348 2355 512 2442 antiquus
541 2354 745 2443 opinionum
774 2355 866 2421 inter
895 2353 1057 2421 mortales
1089 2375 1197 2440 usque
1225 2351 1309 2419 adeo
1332 2373 1403 2418 non

259 2480 563 2568 percrebresceret:
582 2480 644 2548 ubi
663 2481 712 2548 sic
730 2480 970 2568 generationes
983 2501 1101 2545 omnes
1116 2478 1275 2544 omnibus
1287 2476 1405 2544 adver-

260 2617 394 2693 santur,
414 2616 454 2676 ut
472 2608 630 2695 singulae
648 2609 859 2694 reliquarum
878 2607 1032 2675 omnium
1056 2605 1184 2673 iudicio
1202 2628 1273 2672 non
1292 2605 1406 2671 minus

260 2735 448 2823 desipiant,
472 2757 576 2821 quam
603 2735 672 2802 sibi
694 2757 777 2823 prae
805 2736 965 2803 omnibus
989 2735 1146 2823 singulae
1170 2757 1289 2823 sapere
1307 2756 1406 2821 posse

195 2870 238 2933 10
260 2884 462 2949 persuasum
491 2861 630 2928 habent.
661 2861 716 2926 Ex
746 2861 789 2928 iis
818 2861 1124 2928 tenebricosissimi
1147 2860 1290 2946 quique,
1315 2866 1407 2926 utet

260 3011 342 3057 vero
366 2989 531 3057 illustrati
550 2989 681 3055 lumine
704 2989 742 3055 in
765 2989 897 3056 coelum
921 2990 1021 3056 elatis
1043 2989 1151 3056 oculis
1175 2997 1279 3075 atque
1302 2989 1409 3055 mani·

261 3116 338 3202 bus,
357 3116 400 3183 de
417 3116 507 3200 luce,
526 3122 631 3204 portu
654 3122 689 3182 et
717 3116 818 3184 domo
841 3117 1000 3185 veritatis
1023 3117 1091 3185 sibi
1114 3116 1336 3205 peculiariter
1358 3137 1408 3180 re-

260 3242 399 3326 velatis,
417 3241 623 3328 conquisitis
642 3250 677 3308 et
696 3241 837 3309 incultis
857 3248 967 3328 (extra
986 3265 1073 3329 quae
1092 3242 1337 3310 universitates
1355 3263 1406 3307 re-

260 3371 375 3458 liquae
394 3371 602 3457 caecutiunt,
614 3370 794 3456 fluctuant,
807 3372 1086 3460 peregrinantur)
1098 3395 1140 3437 ex
1153 3371 1277 3438 intimo
1294 3370 1406 3438 cordis
1494 3342 1497 3347 ‚

193 3503 237 3568 15
260 3500 391 3588 gratias
407 3506 518 3586 agunt
534 3497 723 3583 Altissim0,
738 3504 742 3584 l
760 3521 884 3586 nempe
902 3498 946 3565 ad
964 3499 1057 3587 ipsos
1076 3505 1213 3565 tantum
1233 3521 1406 3583 converso,
1431 3513 1461 3562 a
1475 3499 1529 3562 ἓν

261 3625 388 3695 blando
408 3624 502 3713 patri
523 3629 558 3689 et
575 3623 669 3690 vitea
686 3624 916 3712 sempiternae
931 3624 1149 3708 retributori;
1165 3624 1209 3690 ab
1228 3624 1307 3690 aliis
1325 3645 1407 3691 vero

261 3750 421 3819 omnibus
439 3749 477 3815 in
495 3755 674 3816 aeternum
701 3748 885 3816 destinatis
915 3750 1097 3816 interitum
1125 3772 1259 3837 averso,
1279 3750 1408 3817 abomi-

260 3877 374 3962 nanti,
393 3875 533 3961 immiti,
552 3897 654 3943 saevo
677 3874 784 3942 iudici
803 3883 837 3941 et
861 3875 975 3942 ultori.
999 3876 1124 3963 Itaque
1148 3877 1189 3943 de
1208 3885 1280 3944 tarn
1299 3878 1407 3946 variis

260 4010 295 4070 et
313 4000 542 4070 diversimode
560 4000 661 4068 sectis
680 4000 905 4088 opinantibus
920 4002 1023 4089 longe
1039 4003 1199 4091 pluribus
1216 4027 1318 4090 quam
1336 4006 1408 4072 sint

192 4137 240 4201 ‘20
261 4137 366 4217 atque
387 4130 519 4199 fuerint
543 4130 580 4195 in
603 4128 732 4196 mundo
754 4130 1008 4216 generationes,
1032 4139 1072 4198 ut
1096 4133 1192 4199 nulla
1216 4141 1268 4199 est
1296 4154 1407 4220 neque

261 4256 332 4323 ulla
354 4256 424 4325 fuit
447 4257 576 4343 absque
598 4256 739 4344 proprio
758 4256 875 4342 aliquo
899 4258 995 4324 cultu
1014 4267 1119 4344 atque
1138 4260 1336 4348 disciplina,
1357 4261 1407 4328 ita

262 4391 403 4452 nonest
422 4385 681 4471 quae(caeteris
704 4387 919 4472 contemptui
942 4386 1083 4470 habitis)
1103 4389 1232 4475 primus
1252 4390 1318 4454 sibi
1337 4412 1407 4454 non
