3428 5138
357 408 395 470 72
712 431 713 436 ¹
795 420 934 466 1011111111
955 420 1057 466 novur

355 621 438 666 num
457 604 492 664 et
509 595 682 684 quaelibet
700 594 892 684 poligonia,
913 600 1090 682 segmento
1106 593 1172 680 illi,
1198 601 1237 661 ut
1250 595 1415 683 possibile
1434 604 1495 683 est,

354 723 541 792 secundum
559 729 672 791 totum
691 721 745 787 vel
765 727 891 788 certam
908 726 1043 808 partem
1060 719 1234 807 adaptata,
1259 721 1424 801 totiffidem
1443 722 1496 789 in·
1519 729 1541 793 f
1556 729 1608 794 '7‘

353 848 526 937 telligitur
549 871 621 914 esse
643 847 796 936 partium
820 853 856 912 et
878 845 1093 929 nominatum
1118 845 1233 912 omnia
1256 869 1406 933 namque
1430 847 1496 915 cla·

352 975 488 1043 rissima
517 980 635 1059 erunt,
664 996 742 1040 curn
773 972 838 1039 hoc
877 971 969 1058 quod
1002 994 1079 1038 cnm
1114 971 1231 1037 eadem
1265 973 1401 1038 numeri
1435 997 1495 1040 seu

231 1146 235 1152 ·
307 1107 531 1169 hmeusurae
563 1097 843 1165 denominatione
877 1119 948 1163 non
985 1097 1059 1163 sine
1095 1097 1325 1186 descriptione
1352 1099 1495 1186 propria

350 1224 588 1292 enuncientur.
614 1224 687 1291 169.
707 1223 757 1292 Ut
781 1223 822 1289 de
845 1223 964 1310 parvis
988 1222 1126 1289 circulis
1150 1245 1209 1289 seu
1228 1223 1393 1310 epicyclis
1411 1223 1493 1289 defi·

349 1351 483 1417 niemus
506 1349 629 1436 quanti
653 1348 754 1414 sunt?
775 1347 904 1414 Eadem
922 1348 1068 1414 ratione.
1092 1349 1175 1416 Viso
1199 1349 1284 1416 item
1314 1371 1418 1436 quam
1441 1372 1494 1416 ra

349 1476 479 1541 tionem
512 1475 639 1541 habeat
670 1473 859 1540 diametrus
888 1474 981 1540 illius
1012 1474 1056 1540 ad
1084 1474 1238 1542 universi
1272 1474 1491 1541 diametrum.

349 1598 575 1667 Considerate
604 1600 688 1665 item
720 1599 826 1686 (quod
854 1599 939 1665 alibi
962 1599 1198 1686 probavimus)
1223 1600 1431 1668 diametrum
1454 1624 1491 1668 re

283 1730 326 1794 10
348 1746 430 1791 vera
450 1733 572 1813 quater
591 1748 663 1792 esse
681 1725 719 1791 in
740 1747 801 1792 sua
821 1724 1110 1792 circumferentia.

680 1996 963 2075 MEMBRVM
1000 1997 1154 2074 XXIII.

786 2180 839 2235 nn
858 2179 1048 2237 sennaar.

765 2425 961 2492 Anarcvnvs
990 2428 1064 2493 131.

431 2631 480 2698 Ut
499 2630 670 2696 definiunt
689 2629 870 2717 sphaeram
894 2650 1017 2716 corpus
1040 2628 1188 2695 solidum
1212 2652 1281 2697 una
1305 2634 1486 2721 superficie

277 2758 318 2822 lt
342 2762 556 2840 contentum,
576 2753 721 2843 sphaera
740 2776 810 2820 non
829 2759 880 2819 est
899 2753 1109 2838 universum,
1136 2754 1196 2821 sed
1219 2763 1351 2823 astrum
1370 2758 1407 2824 in
1426 2782 1484 2846 ge·

340 2903 430 2946 nere.
452 2882 525 2946 132.
544 2881 594 2948 Ut
612 2879 782 2946 definiunt
805 2878 991 2946 transitum
1015 2878 1313 2949 circumferentiae
1336 2885 1486 2951 semicir-

341 3006 422 3091 culi,
447 3027 518 3072 non
541 3005 736 3093 sphaeram,
753 3004 812 3071 sed
840 3005 912 3071 eius
932 3005 1145 3092 superficiem
1165 3008 1365 3096 ostendunt,
1392 3011 1483 3078 circa

339 3153 443 3218 quam
462 3129 689 3197 mechanicus.
711 3132 782 3195 133.
802 3129 881 3196 Non
899 3128 1070 3195 definiunt
1096 3131 1277 3219 sphaeram
1305 3157 1345 3200 ea
1369 3134 1481 3201 inten-

340 3257 447 3343 tione,
467 3279 535 3343 qua
555 3256 701 3323 subinde
718 3255 903 3322 divisibilis
919 3255 1089 3342 accipitur
1109 3257 1298 3324 secundum
1323 3259 1483 3327 substan-

272 3385 316 3449 20
338 3381 423 3448 tiam
442 3381 477 3446 111
494 3403 619 3448 novem
637 3382 693 3448 uel
713 3383 718 3471 1
739 3381 868 3466 decem,
884 3387 919 3445 et
934 3381 1121 3448 sacrandum
1133 3381 1291 3449 accidens
1303 3383 1341 3449 in
1350 3392 1480 3451 rectam
1504 3390 1594 3458 1¹7⁹

337 3514 372 3573 et
389 3507 575 3594 obliquam.
593 3508 666 3574 134.
680 3507 790 3575 Nobis
809 3507 952 3597 sphaera
968 3507 1173 3606 universalis
1186 3514 1238 3574 est
1251 3531 1358 3576 uuum
1374 3511 1481 3577 conti·

336 3655 444 3699 nuum
457 3632 656 3700 universum
667 3632 843 3700 infinitum
854 3632 1039 3718 immobile,
1052 3656 1110 3699 seu
1124 3632 1160 3699 in
1173 3656 1241 3720 quo
1254 3635 1479 3703 consistentia

337 3767 418 3824 sunt
450 3780 592 3824 numero
621 3759 779 3825 infinitae
807 3758 970 3847 sphaerae
999 3781 1058 3824 seu
1087 3758 1313 3846 particulares
1346 3760 1478 3828 mundi.

336 3883 431 3950 Haec
451 3891 542 3951 astra
567 3892 648 3950 srmt
670 3884 737 3951 alia
762 3885 900 3971 quidem
924 3884 1041 3970 ignea,
1061 3884 1303 3970 scintillantia,
1323 3908 1411 3972 quac
1430 3887 1480 3953 ai-

270 4016 314 4080 25
337 4010 463 4076 dentur
482 4010 564 4093 fixa,
585 4010 685 4095 soles,
705 4033 883 4097 intresque
902 4009 964 4077 dii:
985 4009 1051 4074 alia
1071 4032 1153 4076 rem
1169 4032 1291 4097 aquea,
1309 4012 1401 4079 eirea
1416 4011 1478 4079 hos

338 4134 493 4219 mobilia,
528 4144 612 4222 puta
652 4134 807 4216 tellures,
842 4136 991 4221 «leaeque
1023 4135 1186 4221 antiquis.
1223 4138 1296 4201 135.
1333 4136 1477 4204 Nullum

430 4418 599 4486 depycielis
662 4421 693 4471 12
710 4421 886 4474 SPHOERA
