3428 5138
577 450 622 495 nn
641 452 753 497 unum
775 451 982 514 nxrsrnnrm.
1296 437 1354 497 173

208 611 265 679 tet;
283 611 376 665 estet
394 603 559 683 hypothesi
574 625 628 666 seu
645 608 855 686 suppositione
870 616 1074 688 respectuque
1085 607 1249 685 minimum,
1265 608 1347 685 quod

209 740 264 799 pro
292 721 497 782 subiectorum
523 729 555 782 et
575 722 645 783 finis
665 723 816 786 varietate
840 725 957 786 varium
982 725 1187 786 constituitur.
1206 724 1349 787 Positive

209 847 311 901 autem
339 842 456 902 varium
482 843 527 902 sic
553 842 708 904 minimum
735 843 935 922 constituere,
964 843 1089 905 nonita
1116 843 1175 903 arti
1204 850 1253 904 est
1280 864 1354 921 pro·

210 960 327 1037 prium,
345 969 380 1021 ut
397 960 438 1021 sit
467 961 559 1021 etiam
579 973 708 1023 naturae
728 962 827 1023 minus
854 970 1101 1040 consentaneum,
1133 982 1209 1040 quae
1235 962 1267 1022 in
1292 960 1353 1023 sin-

167 1071 292 1152 dgulis
319 1077 489 1156 specierum
517 1078 674 1156 proprium
704 1079 867 1139 maximum
893 1087 984 1156 atque
1015 1079 1170 1139 minimum
1203 1076 1353 1140 definivit.

212 1189 296 1252 Sicut
313 1200 363 1254 est
379 1214 532 1270 mensura,
551 1215 642 1272 quam
663 1194 794 1256 hominis
812 1195 989 1273 magnitudo
1015 1215 1177 1273 numquam
1204 1195 1352 1270 excessit;

211 1317 242 1370 et
259 1316 308 1371 est
325 1309 452 1371 definita
467 1311 613 1373 materiae
628 1313 796 1391 quantitas,
818 1312 899 1374 infra
920 1331 1012 1389 quam
1028 1311 1160 1373 hominis
1178 1311 1277 1371 forma
1292 1330 1354 1371 non

211 1426 359 1488 salvatur.

291 1545 618 1608 l16.Hicdefiuitur
646 1555 679 1607 ut
703 1547 860 1607 minimum
885 1546 1058 1625 attingatur
1083 1567 1102 1606 a
1132 1545 1270 1621 minimo,
1295 1562 1356 1603 uon

147 1664 190 1727 10
212 1673 314 1725 autem
332 1666 480 1728 terminus
497 1686 516 1725 a
530 1667 673 1745 termino,
691 1668 800 1744 quibus
817 1668 937 1729 duobus
954 1667 1086 1745 signatis
1101 1674 1165 1727 tum
1179 1666 1217 1728 de
1232 1673 1353 1745 puncto,

213 1790 275 1842 tum
288 1782 326 1843 de
339 1790 440 1843 atomo
457 1783 683 1862 distinguentes
699 1805 759 1846 non
774 1784 999 1862 confundimur;
1019 1792 1164 1865 punctum
1176 1783 1263 1861 enim,
1276 1781 1356 1861 quod

213 1907 262 1961 est
279 1900 449 1981 minimum,
468 1901 608 1962 additum
627 1901 716 1963 alteri
735 1910 860 1982 puncto,
879 1903 960 1979 quod
979 1910 1011 1963 et
1027 1901 1182 1963 minimum
1200 1907 1261 1979 est,
1280 1918 1357 1959 com-

214 2019 348 2095 positum
365 2018 395 2078 in
414 2019 473 2078 duo
491 2027 605 2096 puncta
626 2018 806 2081 dissolubile
828 2020 997 2081 constituit.
1024 2021 1161 2080 Puuctus
1190 2037 1277 2095 vero,
1305 2016 1356 2094 qui

214 2145 262 2196 est
282 2135 432 2196 terminus
454 2155 508 2196 seu
535 2135 605 2198 finis
632 2136 845 2214 magnitudini,
863 2156 1026 2215 numquam
1047 2155 1115 2196 cum
1136 2134 1196 2195 alio
1219 2133 1349 2194 termino

150 2253 189 2316 15
214 2260 368 2329 tamquam
385 2272 458 2331 pare
476 2273 541 2312 cum
562 2261 649 2332 parte
670 2253 872 2333 componitur,
900 2253 956 2314 sed
977 2260 1026 2314 est
1051 2273 1110 2330 quo
1137 2271 1209 2330 pars
1226 2257 1345 2330 partem

214 2372 340 2448 attingit
356 2371 519 2431 interdum.

294 2489 379 2546 1122.
400 2485 533 2547 Diversa
549 2494 620 2547 sunt
640 2486 753 2547 minimi
780 2507 906 2566 genera;
934 2490 986 2549 hic
1011 2489 1091 2549 enim
1119 2495 1169 2549 est
1193 2487 1349 2549 minimum

215 2603 359 2682 solidum,
378 2603 459 2680 quod
485 2610 618 2664 atomum
644 2621 815 2684 corpusque
830 2603 1028 2684 primordiale
1046 2612 1112 2680 est,
1135 2611 1166 2666 et
1188 2612 1237 2666 est
1267 2604 1354 2665 mini·

213 2740 294 2779 mum
321 2719 460 2798 planum,
488 2719 569 2797 quod
596 2726 645 2779 est
674 2727 832 2799 punctum,
851 2740 909 2797 quo
935 2722 1003 2799 (pro
1031 2719 1147 2798 figurae
1171 2719 1348 2780 conditione

148 2835 192 2897 20
214 2837 390 2917 multiplici)
412 2858 503 2897 uuum
519 2836 674 2896 minimum
693 2857 803 2914 corpus
820 2858 838 2897 a
854 2836 992 2917 pluribus
1013 2837 1146 2898 minimis
1172 2837 1354 2916 corporibus

215 2956 386 3034 attingitur.
405 2955 490 3016 Sicut
507 2955 586 3015 enim
604 2955 735 3015 circulus
752 2975 881 3032 magnus
901 2955 932 3014 in
953 2954 1045 3035 plano
1068 2955 1238 3031 quicunque
1261 2975 1280 3014 a
1299 2973 1355 3014 sex

215 3072 393 3150 aequalibus
410 3072 532 3132 circulis
553 3070 713 3131 dumtaxat
732 3070 910 3150 attingitur,
929 3071 974 3131 ita
990 3079 1022 3131 et
1038 3071 1178 3131 minimus
1196 3091 1214 3131 a
1231 3090 1285 3131 sex
1303 3069 1359 3128 mi·

214 3188 306 3250 nimis
322 3188 512 3249 solummodo
530 3186 726 3265 contingatur
742 3195 873 3266 oportet.
895 3186 946 3247 Sic
966 3187 1005 3248 de
1019 3196 1120 3247 atomo
1144 3205 1271 3264 corpore
1299 3205 1355 3247 sno

217 3306 308 3366 modo
326 3306 364 3365 ab
386 3305 497 3366 atomis
513 3304 692 3383 corporibus
710 3303 890 3381 attingendo
906 3303 1067 3364 iudicabis.

148 3422 190 3487 25
294 3437 310 3484 t
332 3428 379 3486 28.
400 3425 565 3486 Diversum
587 3443 707 3501 quoqne
727 3422 869 3502 analogia
889 3421 1019 3499 quadam
1045 3426 1137 3498 atque
1165 3420 1271 3482 ordine
1299 3422 1357 3481 mi·

216 3543 328 3603 nimum
346 3543 415 3603 aliis
433 3551 481 3604 est
498 3551 590 3620 atque
607 3541 686 3602 aliis.
710 3540 798 3612 Quod
822 3540 901 3601 enim
922 3560 1064 3616 magnum
1089 3548 1179 3616 atque
1203 3539 1355 3617 composi·

216 3667 278 3719 tum
301 3668 349 3719 ost
369 3659 436 3736 uni,
455 3660 494 3719 ab
511 3659 571 3720 alio
589 3680 649 3719 non
670 3667 785 3719 temere
812 3658 908 3719 veluti
929 3658 1058 3737 primum
1086 3664 1177 3734 atque
1198 3657 1354 3717 minimum

215 3776 374 3855 accipitur;
398 3789 432 3837 ut
453 3798 554 3838 rerum
575 3777 757 3837 naturalium
782 3776 879 3854 prima
905 3775 1055 3855 principia
1079 3774 1129 3836 vel
1156 3775 1283 3836 aliarum
1312 3774 1354 3834 fa·

216 3893 362 3953 cultatum
389 3893 556 3972 primordia
580 3895 619 3953 ab
639 3894 688 3953 his
709 3892 832 3969 quidem
853 3892 967 3972 priora,
997 3894 1035 3952 ab
1063 3892 1125 3953 illis
1152 3913 1226 3954 vero
1252 3901 1355 3971 poste·

149 4021 193 4084 30
215 4011 310 4089 riora,
326 4020 360 4071 ut
377 4031 453 4088 quac
471 4012 522 4071 uni
539 4022 611 4071 sunt
637 4010 820 4090 principiata
846 4019 937 4087 atque
959 4009 1180 4090 dependentia,
1207 4011 1277 4070 aliis
1294 4010 1357 4070 sint

215 4130 324 4188 fontes
344 4129 447 4203 Atque
468 4148 526 4187 non
548 4147 708 4206 perperam
728 4147 782 4206 pro
810 4126 1076 4206 contemplationis
1101 4134 1193 4205 atque
1220 4126 1355 4188 methodi

214 4245 365 4306 varietate
393 4245 492 4324 prima
514 4245 712 4324 Pythagoraa
734 4263 835 4306 rerum
852 4244 1002 4325 principia
1027 4253 1097 4305 sunt
1125 4265 1230 4306 monas
1263 4253 1355 4323 atque

214 4364 346 4439 nrrruori,
364 4364 486 4424 Platoni
503 4365 609 4442 atomi,
626 4364 725 4425 lineae
743 4372 775 4425 et
795 4362 987 4443 superficies,
1005 4363 1185 4443 Empedocli
1204 4365 1354 4447 quatnlor
1375 4373 1418 4436 D·
1433 4361 1505 4427 42

214 4483 365 4562 simplicia
382 4504 525 4564 corpora,
544 4483 662 4547 medico
680 4484 751 4546 huic
767 4491 897 4562 quatuor
914 4484 1065 4559 humores,
1083 4484 1129 4545 illi
1147 4506 1214 4548 cum
1230 4486 1302 4565 igne
1319 4506 1355 4548 ea
