3428 5138
621 426 665 470 ns
684 424 796 471 urnrur
816 427 1023 475 axrsrnurm.
1336 418 1390 475 181

252 581 415 666 Undique
434 604 498 668 par
516 605 598 668 ergo
618 590 682 660 est,
702 606 840 650 versum
860 606 1065 670 quocunque
1084 591 1119 648 et
1138 583 1279 668 ubique.

253 695 473 783 Sphaeraque
491 719 561 764 uon
581 698 706 785 recipit
724 699 817 764 finiti
835 699 1060 765 differitatem

251 811 394 897 Absque
413 813 557 899 infiniti,
577 814 645 879 nisi
663 814 777 902 prima
796 815 945 881 absurda
964 815 1115 902 petenti,
1368 844 1393 882 ao

253 926 320 993 Sed
339 928 423 994 satis
442 935 495 994 est
512 929 663 995 medium
680 929 773 1016 quod
791 952 855 1018 par
874 931 919 996 sit
938 930 982 996 ad
1001 931 1116 997 omnia
1135 931 1288 1013 circum,

207 1042 227 1106 ὓ
250 1042 351 1110 Unde
370 1044 549 1111 infinitum
567 1068 609 1111 ex
628 1052 702 1112 toto
721 1044 901 1133 sphaeram
920 1069 992 1111 esse
1011 1068 1148 1111 neeesse
1167 1054 1228 1112 est.

252 1158 365 1236 Quare
383 1159 529 1226 alieuius
549 1161 615 1226 erit
634 1167 804 1246 quantum
823 1161 1064 1248 quodcumque
1083 1161 1232 1249 figurae,

253 1274 302 1339 Ut
321 1273 466 1361 sphaera
485 1282 519 1341 et
537 1276 655 1362 cyclus
674 1276 817 1343 minima
836 1284 871 1343 et
889 1300 992 1365 super
1011 1278 1126 1344 omnia
1146 1285 1286 1364 quanta.

332 1497 428 1557 Omne
456 1497 710 1560 dimensionatum
732 1501 861 1563 alicuius
887 1509 936 1563 est
962 1501 1094 1580 figurae,
1122 1512 1155 1561 et
1179 1500 1389 1578 quodcumque
1412 1513 1453 1575 p.
1465 1499 1538 1563 49

250 1611 445 1693 infiguratum
459 1615 636 1695 credideris,
655 1626 780 1679 nonest
796 1618 877 1696 quod
893 1620 951 1680 hoc
968 1619 1008 1680 de
1025 1624 1139 1697 genere
1161 1626 1308 1697 qnantum
1322 1638 1392 1699 pos·

186 1734 228 1797 10
251 1730 294 1790 sis
318 1750 467 1792 asserere.
486 1730 562 1792 Cum
583 1732 686 1810 quanti
715 1733 908 1795 differentiae
935 1735 998 1796 sint
1025 1735 1144 1795 finitum
1170 1743 1203 1796 et
1228 1733 1394 1812 infinitum,

249 1866 309 1907 non
327 1856 478 1927 repugnat
493 1849 606 1910 rationi
620 1850 802 1930 simpliciter
822 1853 932 1930 magni,
949 1852 1029 1931 qnod
1049 1861 1098 1914 est
1118 1852 1307 1930 universum,
1325 1871 1395 1913 esse

249 1965 413 2045 inlinitum,
432 1967 492 2029 imo
510 1969 613 2047 potius
631 1988 700 2031 esse
716 1970 921 2032 terminatum.
934 1970 1023 2044 Quod
1032 1992 1100 2032 cum
1115 1972 1159 2033 ita
1176 1971 1231 2050 sit,
1249 1992 1309 2032 non
1324 1971 1394 2031 ideo

250 2084 363 2145 nullius
380 2084 570 2164 intelligetur
587 2106 656 2148 esse
673 2088 805 2165 figurae,
825 2089 882 2150 sed
903 2089 1097 2168 sphaericae,
1128 2109 1206 2168 quae
1234 2088 1301 2150 sola
1328 2089 1395 2149 iuli·

250 2202 315 2263 nito
333 2203 489 2280 congruit,
510 2224 527 2263 a
545 2223 604 2280 qna
621 2203 699 2264 finiti
716 2204 877 2283 sphaerica
899 2204 1020 2284 differt,
1048 2206 1190 2282 quoniam
1217 2205 1394 2267 indifferen-

186 2314 228 2379 15
250 2318 325 2379 tiam
347 2325 378 2379 et
405 2320 620 2398 aequalitatem
648 2322 878 2400 dimensionum,
897 2343 986 2399 quam
1014 2322 1132 2383 finitum
1159 2324 1253 2384 habet
1278 2323 1317 2383 ab
1334 2343 1394 2382 uno

252 2443 373 2514 puncto,
391 2436 543 2498 inlinitum
559 2439 654 2499 habet
668 2440 706 2500 ab
722 2440 814 2513 omni,
836 2438 906 2499 ideo
928 2437 1080 2499 infinitum
1097 2446 1147 2500 est
1163 2438 1345 2518 simpliciter
1363 2447 1394 2499 ct

251 2560 350 2614 totum
370 2561 402 2614 et
419 2555 585 2616 secundum
600 2576 647 2630 se,
665 2556 745 2634 quod
764 2555 883 2616 finitum
899 2564 948 2616 est
968 2555 1134 2616 secundum
1149 2555 1235 2635 quid,
1251 2574 1289 2616 ex
1306 2564 1395 2635 parte

251 2669 352 2746 aliqua
370 2679 401 2731 et
418 2692 474 2750 per
494 2679 652 2732 externum
669 2670 833 2752 quippiam.
851 2671 895 2732 In·
910 2670 1028 2732 infinito
1047 2671 1126 2733 enim
1154 2671 1220 2731 solo
1243 2677 1392 2749 centrum,

251 2788 333 2864 quod
359 2796 408 2849 est
433 2790 513 2849 ratio
535 2791 704 2870 sphaerae,
731 2797 781 2851 est
806 2790 838 2850 in
865 2789 947 2849 omni
970 2797 1072 2868 parte,
1093 2796 1125 2850 et
1150 2789 1279 2850 termino
1303 2809 1392 2867 quem

185 2907 229 2971 20
252 2905 347 2966 habet
365 2906 507 2986 accipias.
525 2907 562 2966 In
580 2907 709 2968 termino
727 2906 812 2967 nulla
828 2913 877 2968 est
898 2906 1058 2968 dimensio.
1083 2906 1120 2966 In
1142 2906 1264 2967 minimo
1283 2905 1395 2968 dimen-

252 3021 299 3083 sio
317 3030 366 3084 est
382 3023 573 3101 originaliter
590 3022 780 3084 indifferens.
802 3023 839 3086 In
864 3022 978 3084 circulo
1005 3023 1066 3084 alio
1092 3023 1298 3086 dimensiones
1315 3023 1394 3085 duae

253 3148 325 3202 sunt
342 3141 504 3202 actualiter
520 3141 742 3202 indifferentes.
764 3141 802 3200 In
822 3140 954 3220 sphaera
979 3140 1066 3202 finita
1093 3149 1159 3202 tres
1188 3141 1394 3203 dimensiones

254 3260 292 3319 ab
314 3279 374 3320 uno
396 3269 508 3339 puncto
535 3267 568 3320 et
587 3258 626 3319 ad
652 3278 744 3319 unum
771 3266 917 3337 punctum
944 3258 1075 3320 collatae
1102 3258 1141 3319 ad
1167 3266 1335 3320 extremum
1363 3269 1395 3321 et

254 3375 386 3435 medium
403 3396 463 3437 non
480 3375 634 3437 differunt.
653 3376 690 3436 In
707 3374 825 3435 infinita
841 3374 901 3435 hoe
916 3374 1036 3434 omnino
1054 3375 1093 3434 ab
1110 3374 1191 3435 omni
1206 3382 1238 3435 et
1255 3373 1294 3435 ad
1305 3395 1394 3436 omne

186 3492 229 3556 25
253 3498 407 3571 punctum.
426 3493 514 3565 Quod
535 3493 664 3554 dicimus
682 3492 720 3552 de
738 3492 869 3570 sphaera
889 3491 919 3550 in
947 3490 1060 3568 solido,
1084 3490 1165 3551 idem
1192 3491 1393 3567 intelligimus

253 3607 292 3669 de
309 3607 422 3669 circulo
438 3609 469 3668 in
484 3607 585 3688 plano.
604 3608 740 3669 Eandem
752 3628 826 3686 ergo
837 3605 965 3686 figuram
980 3606 1112 3666 maximo
1130 3607 1291 3669 tribuimus
1302 3615 1394 3686 atque

252 3725 384 3786 minimo.
403 3726 564 3786 Terminus
585 3733 634 3787 est
654 3724 836 3805 principium
854 3722 982 3784 dimensi
1004 3730 1039 3782 ut
1062 3722 1143 3785 unde
1169 3741 1224 3785 seu
1251 3722 1290 3783 de
1318 3743 1391 3801 quo,

252 3841 408 3902 minimum
428 3861 502 3903 vero
523 3848 558 3902 ut
575 3862 613 3903 ex
630 3861 699 3919 qno.

334 3956 535 4021 lAristoteli
570 3979 640 4022 esse
673 3959 823 4020 infinitum
859 3958 982 4022 videtur
1015 3978 1187 4039 repugnare
1222 3957 1392 4020 definitioni

187 4085 231 4150 30
253 4079 403 4159 sphaerae
425 4086 456 4140 et
473 4080 571 4141 omnia
595 4078 734 4154 figurati,
753 4079 814 4138 imo
836 4087 868 4140 et
888 4076 1038 4158 corporis;
1066 4098 1156 4155 quam
1184 4099 1258 4139 sane
1286 4077 1392 4139 defini·

252 4195 366 4256 tionem
384 4195 423 4256 de
438 4194 637 4257 iinitariorum
653 4195 776 4256 archivo
794 4195 1000 4275 deprompsit,
1016 4204 1202 4276 quapropter
1219 4215 1285 4257 eam
1300 4197 1393 4258 sumit

254 4358 393 4369 ..u-...—

346 4447 384 4496 19.
397 4447 429 4497 20
439 4445 518 4509 sorae
532 4444 687 4499 terminum
699 4443 859 4511 quemlibet
