3428 5138
540 464 856 511 centaureamonas
877 466 1071 512 exululare.

235 622 310 687 Hoc
328 627 452 706 vegeto
468 620 609 707 ingenio
626 621 779 687 retinens
799 622 995 706 celsumque
1013 629 1196 709 reportans

236 739 364 804 Mentis
383 738 426 804 ad
443 739 617 823 obtutum,
635 737 743 804 nihilo
762 738 942 825 pulsabere
959 738 1051 824 quod
1069 745 1103 804 te

235 857 407 922 Humanis
427 878 593 941 magnum
612 855 649 919 in
672 854 774 920 rebus
798 854 982 941 quicquam
1001 877 1073 920 esse
1092 862 1215 943 putare

235 973 382 1038 Efficiat.
402 973 577 1039 Fortunae
596 972 711 1038 animo
729 971 869 1037 comitia
886 971 1010 1037 surdae

191 1092 212 1156 5
235 1091 402 1175 Incolere,
422 1113 613 1175 numquam
632 1089 729 1155 dolor
744 1089 835 1154 ullus
851 1096 886 1153 et
903 1087 973 1153 ulla
992 1089 1153 1176 voluptas

235 1206 268 1271 A
285 1205 433 1271 statione
452 1206 521 1272 viri
539 1206 713 1270 divulsum
732 1203 1014 1291 suppeditabunt.

237 1320 414 1406 Quotquot
433 1322 525 1386 enim
543 1322 646 1407 liunt,
664 1328 859 1405 mutantur,
879 1321 975 1409 lapsa
994 1329 1169 1408 ruuntque

234 1437 408 1502 Continue
426 1436 559 1508 adalid
577 1444 682 1522 atque
701 1436 808 1520 aliud,
832 1459 904 1503 non
923 1437 1017 1503 entia
1037 1437 1161 1504 credes.

235 1552 345 1638 Atqui
363 1559 524 1618 naturam
544 1553 581 1617 in
597 1553 709 1640 specie
728 1552 926 1618 meditando
945 1553 1090 1640 perenni

170 1676 212 1738 10
234 1670 349 1736 Unam
369 1669 424 1735 cui
443 1669 651 1735 conformari
668 1692 873 1756 servareque
891 1675 997 1735 temet

235 1785 457 1851 Corisimilem
476 1785 592 1870 debes,
612 1792 806 1851 consortem
825 1792 860 1850 te
879 1808 951 1851 esse
968 1784 1111 1851 deorum

235 1901 430 1988 (temperies
449 1901 556 1986 vitae,
577 1908 611 1966 et
627 1901 719 1967 dices
735 1901 930 1968 substantia
949 1907 1068 1967 nostra
1086 1901 1180 1967 haec.

236 2016 295 2082 Nil
318 2016 483 2102 ‹piiequid
502 2025 629 2102 motus,
651 2017 985 2105 tempestatumque
1004 2025 1197 2106 reportant,
1353 2049 1379 2086 ευ

236 2134 331 2209 Quae
350 2133 431 2199 alum
451 2141 548 2219 saint,
567 2157 638 2200 non
653 2143 750 2217 sunt;
770 2159 857 2221 quae
874 2142 1014 2201 tantu-m
1032 2135 1097 2201 hac
1116 2134 1218 2201 futile
1238 2157 1340 2200 causa

171 2257 211 2320 lo
235 2251 333 2316 Celsa
352 2258 466 2338 putes,
484 2251 565 2336 quia
585 2252 738 2318 subiecto
759 2260 924 2318 testante
944 2275 1047 2339 supra
1066 2258 1170 2317 stant.

237 2367 304 2432 Sed
323 2368 504 2433 minimum
524 2369 669 2436 ulterius
688 2369 896 2456 speculando
915 2367 1174 2456 suppeditemus

236 2484 418 2549 Materiam
437 2485 559 2570 menti,
581 2504 648 2570 qua
668 2509 740 2551 sese
759 2486 802 2552 ad
821 2484 971 2552 maxima
991 2485 1100 2551 tollat.

316 2707 481 2769 Indiuidua
497 2708 564 2769 ecla
581 2707 753 2770 substantia
771 2714 820 2769 est
834 2727 903 2782 ens,
918 2708 1038 2786 reliqua
1053 2727 1128 2768 vero
1145 2705 1175 2766 in
1194 2713 1278 2783 ente,
1297 2704 1379 2765 circa

238 2845 292 2885 ens
310 2831 341 2884 et
358 2845 395 2885 ex
412 2831 482 2886 ente
500 2823 683 2902 accidentia,
701 2823 885 2886 adsistentis
901 2832 992 2902 atque
1007 2824 1192 2904 composita,
1210 2842 1271 2883 non
1289 2821 1380 2882 aliter

170 2944 214 3007 ‘20
237 2961 326 3017 quam
347 2961 539 3001 numerorum
563 2941 766 3002 substantiam
792 2940 954 3002 monadem
979 2960 1048 3003 esse
1066 2939 1206 3001 diximus.
1235 2939 1377 2998 Atemam
1397 2946 1437 3007 12·
1457 2931 1528 2994 '74

234 3068 374 3120 naturam
395 3060 559 3138 dupliciter
575 3059 673 3139 primo
691 3059 837 3136 dicimus,
855 3060 1000 3138 negative
1022 3061 1142 3122 scilicet
1162 3068 1195 3121 et
1215 3058 1379 3139 privative.

236 3177 388 3253 Negative
405 3177 528 3254 quidem
553 3185 656 3238 atoma
681 3185 791 3238 natura
817 3176 931 3256 duplex
957 3184 1021 3256 eat,
1044 3174 1245 3236 accidentalis
1269 3194 1381 3254 nempe

236 3302 327 3370 atque
344 3294 564 3355 substantialis.
584 3294 700 3371 Prima,
720 3303 753 3354 ut
770 3314 844 3370 vox,
858 3314 952 3355 senus
965 3302 998 3354 et
1012 3292 1144 3354 visibilis
1156 3291 1287 3371 species,
1301 3311 1378 3369 qnae

236 3420 302 3472 tota
322 3413 526 3490 sphaeraliter
537 3432 607 3473 sese
618 3412 801 3493 explicitans
814 3418 862 3472 eet
877 3411 1058 3488 ubicumque
1076 3419 1125 3471 eat
1134 3430 1142 3485 ;
1157 3429 1248 3469 utiam
1265 3408 1379 3488 quippe

169 3537 213 3600 ‘25
236 3533 426 3608 mitigarem
448 3552 553 3592 ornnes
575 3531 687 3591 circum
706 3530 865 3591 adstantes
886 3529 966 3590 oculi
987 3535 1083 3589 totam
1102 3528 1269 3607 excipiunt,
1288 3548 1378 3588 unam

237 3670 342 3710 vocem
359 3668 465 3709 omnes
482 3667 571 3707 aures
593 3648 725 3725 integre;
745 3646 827 3707 aliud
850 3646 930 3707 euim
953 3651 1001 3706 est
1021 3644 1060 3704 ab
1081 3645 1121 3705 iis
1138 3644 1261 3721 quidem
1278 3644 1376 3705 inten-

236 3771 316 3845 sius,
335 3770 374 3828 ab
391 3769 460 3828 aliis
477 3767 635 3827 remissius
652 3765 763 3844 accipi,
782 3764 865 3824 aliud
883 3765 921 3824 ab
942 3763 981 3824 iis
997 3771 1104 3841 totam,
1128 3765 1166 3824 ab
1187 3762 1227 3824 iis
1243 3783 1316 3825 vero
1334 3782 1380 3825 ee-

237 3889 366 3950 cnutlnm
385 3895 512 3965 partem.
533 3885 683 3963 Secunda,
703 3890 737 3944 ut
754 3882 882 3944 daemon
905 3903 960 3944 seu
987 3882 1088 3943 anima
1104 3902 1181 3959 quae
1199 3890 1265 3942 tota
1282 3890 1330 3943 est
1347 3883 1379 3941 in

236 4015 302 4068 toto
324 4026 467 4086 corpore,
497 4005 544 4067 vel
575 4004 667 4065 etiam
688 4002 719 4063 in
741 4009 806 4063 toto
828 4002 912 4064 vitae
938 4000 1060 4063 telluris
1087 4000 1260 4079 horizonte,
1291 4001 1379 4063 cuins

170 4126 214 4187 31)
238 4125 302 4184 vita
319 4124 450 4186 vivimus
472 4123 551 4182 etin
569 4121 654 4182 cuins
672 4139 741 4182 esse
755 4138 872 4196 sumus;
891 4125 955 4180 tum
975 4126 1046 4180 actu
1067 4118 1197 4198 quodam
1215 4119 1377 4197 communi,

237 4261 295 4318 quo
313 4241 342 4300 in
365 4248 430 4300 tota
451 4238 583 4318 sphaera
604 4237 752 4314 vivimus:
774 4245 839 4297 tum
860 4236 984 4317 proprio
1010 4257 1069 4314 quo
1088 4235 1219 4296 vivimus
1246 4235 1277 4294 in
1298 4235 1379 4295 hori-

818 4380 832 4385 -.
845 4375 1071 4385 .—-—----
1116 4378 1127 4384 -
1138 4378 1147 4384 .
1223 4378 1282 4383 ----
1296 4376 1367 4384 --.

330 4473 345 4521 d
363 4469 497 4535 incolere]
512 4467 549 4520 uic

372 4585 446 4625 linum
464 4590 517 4636 ttpp,
534 4586 574 4624 lul.
590 4584 611 4635 l,
629 4584 649 4625 3.
