3428 5138
679 445 724 489 Du
745 445 908 490 ulmevau.

218 598 286 663 Pro
304 597 403 662 varia
421 597 555 662 ratione
574 598 680 663 venit.
700 597 764 664 Vel
785 598 998 684 significabit

218 715 416 780 Mansuram
435 714 479 779 acl
497 714 695 800 minimum,
717 717 776 800 qui
794 723 929 804 partem
946 717 1105 783 nominat
1124 738 1230 783 uuam

218 833 261 897 In
279 832 450 917 triquetro
470 834 678 918 triquetrum
697 834 859 920 primam,
880 834 976 899 euius
996 834 1087 899 basis
1108 835 1175 922 ipsi

218 947 299 1013 Toti
318 948 472 1013 subiecta
492 956 543 1012 est
561 949 707 1035 primae,
726 949 925 1036 pariterque
944 951 1107 1033 secanda

173 1057 194 1119 ἵ)
218 1066 349 1152 Nempe
368 1066 533 1153 parallelo
552 1073 592 1131 ut
610 1066 774 1132 subtensa
793 1074 845 1132 eet
864 1067 916 1132 illi
935 1075 969 1132 et
989 1068 1111 1133 adacte

217 1181 381 1245 Atlsimili
399 1181 534 1246 ratione
553 1203 672 1246 secans
692 1181 915 1267 triquetrum,
936 1181 1031 1246 velut
1049 1183 1141 1248 ultre

218 1297 408 1364 Constabat
427 1297 610 1363 minimum
629 1298 768 1383 quando
787 1299 989 1386 explicitare
1008 1298 1181 1364 docebam.

295 1521 346 1581 Ab
361 1542 420 1581 uno
439 1521 480 1581 nil
496 1527 661 1598 generatur
682 1522 806 1581 tertium
824 1522 890 1581 sine
908 1522 1022 1599 medio,
1041 1542 1140 1597 neque
1158 1529 1206 1582 est
1224 1521 1358 1582 medium
1369 1530 1410 1590 p·
1422 1513 1517 1579 1'7'7

217 1640 300 1700 aliud
319 1641 385 1701 sine
403 1641 508 1719 tertie,
525 1641 603 1701 sieut
620 1640 686 1701 eine
704 1641 764 1700 elie
787 1641 915 1701 termino
933 1649 1046 1721 puncto
1063 1663 1122 1701 uon
1144 1641 1212 1701 fluit
1228 1653 1359 1720 punctus

152 1755 194 1818 10
215 1758 248 1816 in
264 1757 388 1833 lineam,
408 1776 506 1834 neque
524 1757 615 1816 aliurn
633 1757 795 1818 terminum
810 1766 953 1836 punctum
971 1760 1037 1820 sine
1054 1760 1136 1819 linea
1149 1759 1283 1836 attingit.

297 1888 313 1935 l
337 1879 383 1934 10.
404 1876 546 1953 Angelus
566 1874 757 1954 quadruplici
775 1875 948 1954 significato
970 1877 1079 1937 currit:
1101 1877 1198 1955 primo
1225 1895 1280 1954 pre
1299 1882 1358 1935 ter·

216 1992 297 2051 mino
315 1999 444 2070 punet0;
462 1990 597 2052 secunde
622 2011 678 2069 pro
700 1991 823 2050 minime
851 1998 988 2052 extreme
1009 1998 1209 2053 connectente
1232 1991 1359 2052 duarum

215 2108 379 2183 linearnm;
397 2107 489 2168 tertio
507 2129 562 2186 pro
581 2107 704 2167 minima
724 2107 880 2168 interduo
898 2108 952 2167 illa
976 2117 1089 2187 puncta
1106 2107 1265 2186 distantia,
1281 2126 1359 2183 quae

215 2223 333 2300 obtusi,
352 2224 428 2284 recti
447 2232 478 2285 et
495 2224 576 2284 acuti
597 2223 783 2284 differentiis
800 2223 956 2300 definitum
981 2232 1090 2301 quarte
1111 2224 1259 2304 peculiari
1277 2222 1359 2301 apud

150 2340 192 2403 lb
215 2359 272 2399 nos
289 2339 513 2416 significatione
529 2340 697 2418 prolatare
715 2339 860 2417 trianguli
885 2360 922 2400 ex
940 2361 1000 2400 una
1023 2341 1188 2418 primarum
1207 2337 1357 2418 partium,

215 2454 283 2513 basi
305 2454 424 2515 divisae
442 2456 550 2516 maiori
571 2456 719 2535 parallelo
747 2463 779 2516 et
803 2455 985 2532 triquetrum
1013 2454 1284 2535 proportionaliter
1312 2473 1359 2514 se·

215 2580 316 2652 cante,
336 2574 422 2634 cuine
439 2594 513 2635 naua
530 2575 561 2634 in
578 2575 693 2635 minimi
710 2575 886 2636 inventione
906 2582 954 2635 est
968 2575 1143 2653 singularis.

672 2921 824 2988 CAPVT
860 2924 906 2988 Il.

694 3161 874 3206 inescatae.

550 3311 665 3362 ungulum
681 3315 704 3352 et
718 3313 856 3363 triangulum
872 3313 940 3352 lunae.
956 3312 1025 3352 uero.

301 3505 438 3591 Auglns
458 3505 665 3571 conveniens
685 3506 854 3592 triquetro
874 3515 1047 3574 statuetur
1067 3507 1221 3594 Ameria,

213 3621 425 3707 Contiguum
443 3620 540 3686 radio
557 3623 709 3707 aequalia
729 3623 758 3687 si
777 3623 955 3689 incumbat
975 3625 1012 3689 iu
1032 3649 1162 3708 arcum,

213 3736 346 3823 Nempe
365 3737 442 3802 viae
461 3760 480 3802 a
501 3738 636 3804 Baccho
655 3739 813 3804 tondenti
832 3740 875 3805 acl
895 3741 1069 3827 Apollinis
1089 3764 1147 3807 ora

214 3852 309 3919 Haec
328 3863 379 3918 est
399 3854 551 3939 aequalia
571 3854 729 3922 Chariton
750 3879 816 3943 qua
835 3857 982 3942 attingit
1001 3859 1140 3945 Apelle,

147 3969 190 4033 25
214 3968 257 4033 In
275 3991 363 4055 gyro
382 3970 467 4035 fines
487 3972 546 4056 qui
565 3972 742 4038 amborum
764 3981 931 4060 permeat,
952 3982 991 4038 ut
1010 3981 1091 4039 suut

214 4084 386 4170 Aequales
405 4108 504 4151 arcus
524 4086 657 4152 suffulti
677 4088 714 4153 iu
733 4090 875 4155 orbibus
894 4090 1013 4175 aequis

212 4201 365 4268 Numina
385 4209 560 4268 nectentes
581 4205 795 4290 torneham,
814 4206 986 4293 parilique
1006 4213 1144 4294 reposta

306 4466 337 4515 la
349 4481 362 4514 e
375 4467 407 4515 20
424 4482 566 4517 renouatus
580 4482 592 4514 r
606 4465 699 4519 Ieoeh.
711 4468 764 4530 cfr.
777 4483 806 4531 p.
824 4468 884 4526 128,
900 4469 932 4514 10
