3428 5138
360 396 398 454 76
800 406 940 453 manum
961 407 1063 452 nnvru

359 584 529 670 sigillaret
553 582 753 669 blasphema
778 589 812 646 et
836 582 1004 667 sacrilega
1024 581 1226 667 ignorantia
1245 581 1325 665 Dei,
1345 588 1504 665 naturae,

360 707 555 775 mundanae
574 707 768 790 machinae,
788 706 883 788 solia,
903 706 1006 770 lunae
1024 715 1058 770 et
1077 706 1307 771 tenebrarum.

706 947 986 1023 MEMBRVM
1014 949 1164 1024 XXIV.

784 1147 978 1212 Aurrcvnvs
1005 1147 1076 1211 160.

910 1333 950 1396 A.

443 1503 634 1568 Mercurius
654 1508 689 1566 et
704 1500 821 1566 Venus
842 1499 879 1564 in
903 1499 1022 1565 eodem
1041 1506 1123 1564 sunt
1136 1499 1264 1564 circulo
1284 1521 1362 1564 cum
1381 1499 1504 1564 tellure

353 1636 457 1716 atque
476 1629 568 1693 luna.
593 1627 669 1692 Hoc
693 1625 785 1689 enirn
809 1647 851 1689 ex
873 1624 967 1689 hisce
990 1622 1123 1690 duobus
1146 1625 1250 1689 astris
1274 1631 1504 1710 aggregatum

351 1776 473 1837 unum,
499 1752 590 1838 quod
615 1751 705 1816 circa
725 1751 832 1815 selem
856 1771 963 1834 aeque
987 1770 1102 1813 annuo
1127 1756 1224 1814 motu
1248 1748 1502 1833 circumfertur,

352 1877 603 1943 diametraliter
626 1873 906 1955 (intermediante
929 1873 1011 1955 sole)
1036 1873 1224 1960 opponitur
1247 1882 1437 1960 aggregato
1461 1898 1504 1940 ex

287 2000 328 2061 10
351 2005 484 2069 duobus
498 2002 566 2067 illis
579 2001 696 2083 astris,
711 2022 798 2085 quae
811 1999 929 2083 aequis
945 1999 1103 2085 passibus
1123 2021 1276 2064 annuum
1289 1999 1503 2068 conficiendo

352 2129 518 2193 circulum
539 2125 704 2191 incedunt
733 2125 772 2188 Β.
793 2123 894 2191 Unde
910 2123 1028 2209 eadem
1048 2123 1276 2189 similitudine
1292 2125 1504 2190 Mercuriali-

352 2253 417 2317 bus
441 2259 544 2335 atque
563 2249 727 2315 Venereis
746 2247 869 2313 incolis
884 2246 1047 2312 videntur
1066 2247 1104 2311 in
1123 2270 1158 2312 se
1179 2256 1213 2312 et
1233 2248 1276 2313 ad
1293 2249 1400 2314 solem
1419 2250 1502 2333 (imo

352 2375 395 2440 ad
415 2376 628 2455 universum)
647 2397 682 2438 se
701 2371 827 2436 habere
843 2371 926 2436 haec
946 2370 1013 2436 duo
1030 2379 1135 2454 astra,
1150 2394 1217 2456 qna
1233 2372 1335 2438 nobis
1355 2373 1415 2439 illa
1434 2374 1502 2439 duo

351 2521 388 2562 sa
406 2498 532 2563 habere
550 2497 743 2562 videantur.
762 2495 797 2560 G.
809 2496 921 2559 Aliter
931 2494 1021 2560 circa
1038 2496 1153 2579 solem,
1172 2495 1380 2562 Mercurium
1392 2498 1502 2564 Vene-

272 2619 329 2702 ,15
352 2643 492 2705 remque
508 2621 640 2686 moveri
656 2617 869 2706 impossibile
893 2619 1034 2684 omnino
1065 2629 1134 2701 est,
1163 2620 1386 2705 nequeenim
1409 2622 1502 2688 inter

351 2746 510 2811 tellurem
531 2749 535 2829 Ι
556 2754 591 2810 et
609 2745 715 2809 solem
734 2766 773 2808 ca
793 2742 969 2829 interponi
988 2765 1141 2828 unquam
1160 2744 1289 2809 rationi
1300 2754 1416 2832 potest
1428 2771 1502 2813 essa
1525 2768 1555 2833 q
1574 2755 1627 2818 2²

353 2878 631 2936 consentaneum.
652 2869 693 2932 D.
706 2867 821 2932 Tellus
841 2889 976 2952 quoque
999 2875 1034 2933 et
1057 2867 1139 2933 luna
1155 2869 1205 2934 ita
1224 2877 1305 2935 sunt
1322 2878 1415 2937 ast-ra
1431 2895 1504 2939 om-

354 2995 437 3059 uino
456 2993 571 3059 lucida
595 2990 827 3056 incolentibus
845 2991 1055 3056 Mercurium
1079 3002 1114 3057 et
1136 2992 1324 3077 Venerem,
1341 2996 1432 3063 sicut
1451 2999 1505 3062 in·

354 3118 438 3185 colis
457 3118 591 3183 telluris
615 3126 719 3200 atque
739 3116 841 3180 lunae
860 3116 974 3181 lueida
994 3125 1076 3181 sunt
1095 3118 1285 3185 Mercurius
1309 3129 1415 3206 atqua
1437 3123 1504 3188 Vc·

289 3241 334 3304 ⁸20
356 3266 430 3308 nus.
450 3242 629 3328 Siquidem
653 3248 688 3305 et
711 3241 740 3304 si
763 3240 845 3304 luna
870 3240 1019 3326 amplius
1044 3250 1136 3306 certa
1160 3243 1295 3308 ratione
1320 3244 1466 3312 distaret
1484 3271 1505 3314 a

358 3367 492 3449 tellure,
517 3388 640 3451 corpus
661 3364 803 3428 omnino
827 3364 979 3428 lucidum
1000 3373 1191 3453 appmeret.
1206 3367 1245 3430 Ε.
1262 3366 1368 3452 Siqua
1386 3371 1505 3438 Venus

358 3502 394 3554 et-
405 3489 595 3554 Mercurius
611 3488 863 3553 semicirculum
876 3499 1098 3573 peragrarent
1115 3489 1207 3554 infra
1224 3490 1340 3572 solem,
1356 3493 1393 3558 in
1405 3502 1506 3560 tauta

359 3612 524 3677 distantia
544 3612 850 3696 heterogenearnm
868 3611 1021 3696 partiunt
1045 3634 1183 3676 sensum
1213 3615 1404 3681 necessario
1432 3640 1508 3704 per·

359 3736 526 3801 hibereut.
551 3737 588 3800 F.
606 3726 738 3821 Cordus
758 3734 838 3799 salis
863 3756 1026 3818 magnum
1051 3735 1279 3821 intelligimus
1298 3762 1384 3823 esse,
1408 3750 1507 3807 utet

292 3863 336 3925 25
360 3861 492 3925 telluris
515 3876 547 3924 et
578 3861 810 3942 cuiuscunque
839 3857 927 3922 alius
955 3857 1067 3921 eiusce
1090 3859 1227 3943 generis
1251 3862 1381 3928 mundi.
1406 3865 1507 3942 Quod

360 4006 440 4048 vero
460 3984 517 4048 ille
541 3984 650 4048 maior
673 3983 717 4047 sit
744 4005 845 4067 qutnn
868 3981 982 4047 tellus.
1012 3982 1249 4048 infelicissime
1280 3986 1329 4051 ita
1356 3987 1508 4074 probant

359 4108 608 4189 eosnrimetrae,
627 4122 664 4171 nt
689 4120 779 4171 certe
798 4104 1028 4169 ‹litterentiarn
1046 4128 1132 4190 qnae
1152 4126 1201 4172 est
1224 4108 1315 4174 inter
1338 4111 1449 4178 lucem
1473 4124 1509 4180 et

453 4377 464 4422 l
483 4372 635 4437 sygillarat
648 4373 832 4438 blasphaema
897 4372 926 4420 ltl
942 4386 1015 4438 quae
1078 4373 1110 4423 23
1127 4376 1358 4441 arherogenearu
