3428 5138
488 641 731 726 LIBRORVM
758 642 965 727 ISTORVM
993 643 1171 727 ΟΑΡΙΤΑ.

573 1500 599 1556 1.
622 1499 674 1558 De
694 1498 838 1557 Mintml
861 1499 1099 1558 exsistentia.

263 1677 332 1731 Gar.
371 1677 395 1731 1.
413 1673 575 1730 Praeludiu
593 1673 673 1728 eirea
686 1671 894 1743 intentionem,
911 1672 1075 1729 efficientes
1093 1691 1210 1744 causes,
1228 1674 1326 1730 media

473 1776 504 1827 et
518 1769 638 1826 medum
652 1768 831 1842 procedendi
844 1812 1243 1829 .......................
1252 1772 1327 1842 Pag.
1391 1776 1406 1829 1

218 1869 240 1931 5
298 1894 310 1920 »
368 1872 394 1926 2.
414 1869 568 1924 Minimum
589 1885 655 1923 esse
678 1872 742 1923 tum
765 1885 966 1935 numerorum,
986 1874 1050 1923 tum
1073 1867 1324 1940 magnitudinum,

475 1971 538 2021 tum
556 1965 687 2020 omnium
705 1964 813 2020 utlibet
827 1965 1075 2021 elementatorum
1091 1965 1326 2022 substantium..
1390 1968 1409 2022 8

299 2090 311 2116 ›
369 2066 395 2121 3.
413 2065 540 2120 Mortem
554 2062 648 2135 igitur
661 2062 700 2117 ad
716 2062 847 2134 eorporis
863 2062 1064 2119 substantiam
1083 2081 1143 2118 nen
1161 2063 1326 2137 pertinere,

477 2161 628 2232 multoque
642 2160 739 2215 minus
754 2159 792 2215 ad
811 2159 941 2243 animem
945 2203 1328 2219 ......................
1374 2165 1407 2218 11

302 2283 314 2309 »
370 2262 395 2314 4.
416 2259 522 2315 Omnia
537 2257 752 2331 quodammodo
768 2257 892 2313 oirouire
906 2262 938 2313 et
952 2257 1093 2313 eirenlum
1107 2257 1220 2314 imitari
1232 2302 1327 2316 ......
1373 2260 1408 2315 13

301 2383 313 2410 »
370 2360 395 2414 5.
414 2358 572 2431 Repetitur
586 2357 717 2413 conditio
733 2355 820 2411 huius
838 2355 1098 2428 contemplationis
1114 2356 1152 2412 ed
1167 2357 1293 2430 praxim.
1305 2402 1329 2415 ..
1375 2360 1409 2414 19

302 2481 314 2509 ι
370 2458 395 2512 6.
415 2457 461 2512 Ad
478 2474 529 2512 eos
539 2454 589 2529 qui
604 2454 777 2510 continuum
789 2453 977 2510 ininfinitum
987 2453 1137 2511 divisibile
1152 2455 1329 2528 uoeipiunt..
1375 2457 1411 2511 20

302 2580 314 2608 ο
372 2556 396 2610 l.
415 2553 634 2627 Perstriugitur
647 2553 727 2609 idem
747 2553 932 2625 propositum
946 2552 1079 2623 pluribus
1098 2555 1328 2624 argumentis...
1373 2557 1410 2610 24

302 2678 314 2704 ι
371 2654 397 2708 8.
416 2653 546 2710 Dubium
562 2670 618 2725 que
633 2650 828 2724 Peripatetici
846 2656 950 2707 eontra
969 2669 1001 2708 se
1020 2651 1103 2724 ipsos
1122 2651 1272 2724 dubitent,
1288 2653 1331 2708 in·

478 2751 607 2807 solutum
621 2754 722 2805 tamen
737 2748 774 2804 ab
788 2748 900 2805 eisdem
911 2791 1328 2808 ........................
1373 2753 1407 2809 31

300 2872 312 2899 »
371 2849 397 2904 9.
416 2847 584 2904 Diserimen
597 2846 713 2903 minimi
729 2846 766 2902 ad
782 2863 902 2901 sensum
918 2863 936 2901 a
949 2845 1071 2902 minimo
1087 2846 1262 2920 simplieiter
1276 2867 1329 2906 eeu

476 2951 601 3002 naturae
605 2984 1329 3004 .........................................
1374 2949 1410 3005 37

300 3070 312 3096 ι
354 3046 396 3100 10.
417 3044 620 3117 Distingnitur
634 3043 787 3099 minimum
805 3043 835 3099 in
850 3060 960 3115 genere
975 3062 994 3099 a
1008 3044 1130 3102 minimo
1145 3047 1329 3105 absolute...
1373 3049 1409 3104 39

300 3168 312 3194 ›
355 3146 397 3198 11.
417 3143 453 3198 In
468 3143 549 3197 omni
563 3160 673 3214 genere
690 3142 837 3214 graduato
852 3141 1006 3198 minimum
1025 3161 1092 3200 esse
1111 3151 1229 3216 oportet
1232 3188 1328 3202 ......
1374 3149 1410 3202 42

302 3266 314 3292 ι
358 3244 400 3298 12.
419 3240 536 3297 Minimi
564 3240 595 3295 in
620 3240 709 3313 pleno
734 3239 855 3312 propria
882 3238 980 3313 figure
1005 3241 1146 3314 circulus,
1175 3242 1205 3298 in
1234 3243 1330 3300 solido

198 3339 243 3404 20
481 3339 610 3410 sphaere
627 3381 1313 3398 .......................................
1323 3346 1330 3398 ἱ
1375 3344 1411 3397 44

303 3463 315 3489 »
356 3439 397 3493 13.
417 3436 571 3491 Minimum
582 3442 613 3491 et
624 3436 767 3492 terminus
783 3454 841 3493 nen
851 3437 960 3491 suntin
975 3436 1078 3493 eodem
1090 3456 1200 3510 genere
1210 3446 1322 3510 quanta
1375 3441 1411 3494 48

305 3560 316 3586 ι
359 3536 401 3589 14.
420 3533 578 3589 Minimum
593 3533 623 3589 in
638 3533 757 3605 mugnis
773 3539 805 3589 et
818 3533 956 3590 maximis
973 3552 1039 3591 esse
1055 3536 1242 3609 perspicuum
1253 3581 1329 3594 .....
1376 3540 1411 3592 49

517 3733 560 3790 11.
582 3732 919 3802 contemplationes
939 3744 986 3792 ex
1007 3735 1165 3794 minimo.

267 3889 338 3944 Car.
376 3893 400 3944 1.
419 3889 464 3945 Ex
488 3890 555 3945 luee
584 3888 669 3944 unius
698 3888 837 3944 veritatis
865 3889 1039 3962 multiplicis
1068 3890 1207 3947 veritatis
1232 3893 1330 3949 lumen

201 3990 245 4052 25
482 3986 632 4058 exsurgit,
652 3987 730 4042 siout
748 3988 786 4043 ab
805 4004 863 4042 uno
882 3988 1013 4044 absurdo
1032 3997 1251 4062 consequuntur
1266 3990 1330 4063 pln-

480 4084 556 4139 rima
573 4126 1332 4147 ...........................................
1376 4093 1411 4148 54

304 4203 316 4230 ι
374 4182 400 4236 2.
421 4180 569 4236 circulum
584 4198 687 4238 verum
700 4200 759 4238 nen
779 4200 846 4239 esse
861 4183 1034 4241 sensibilem
1036 4229 1331 4245 .................
1376 4192 1412 4246 te

1344 4322 1410 4332 —.

362 4379 393 4429 18
409 4382 552 4444 opottere,
566 4395 611 4428 mu
622 4379 658 4444 ef.
670 4397 700 4445 p.
715 4380 752 4429 42
766 4379 817 4446 (ed.
831 4385 892 4446 pr.)
