3428 5138
172 399 230 458 152
483 423 621 471 mansur
641 427 742 472 savin
765 430 809 473 nu
829 432 964 498 numne,
986 436 1007 481 1.

167 571 246 637 Non
265 573 404 641 dabitur
422 599 584 645 numerus
602 582 721 648 finitus
737 608 800 651 nec
819 588 893 652 sine
911 590 994 676 fine,

167 688 452 777 Quandoquidem
471 716 590 761 monas
608 705 659 763 est
678 722 820 768 numero
840 705 1034 773 substantia
1052 715 1141 795 tota,

165 805 393 894 Conditioque
416 810 544 898 duplex
561 813 743 881 discursus.
762 817 954 886 Adiicicnti

164 923 348 1012 Conceptis
367 928 496 1014 species
514 930 692 1016 speciebus
710 932 805 999 obire
824 958 972 1021 superne

119 1046 140 1111 5
164 1043 354 1111 Conveniet
370 1069 515 1134 semper,
536 1051 727 1115 removenti
746 1054 931 1120 occursitat
951 1055 1067 1122 imum.

163 1160 211 1222 At
229 1182 310 1226 vero
333 1162 459 1228 molem
477 1163 507 1228 si
527 1164 603 1249 quis
622 1165 806 1253 dispescat,
827 1169 915 1234 alius

163 1275 334 1344 Obtrudet
352 1279 487 1365 generis
506 1288 637 1368 partas,
657 1282 722 1349 hoc
741 1283 861 1349 ordine
880 1309 1003 1374 nempe

162 1392 236 1470 Quo
256 1417 389 1482 semper
406 1404 522 1483 partes
541 1398 629 1464 ratio
649 1399 690 1463 de
708 1400 865 1486 partibus
885 1402 1007 1467 aufert.

160 1509 276 1577 Tertia
293 1535 374 1600 pars
393 1507 526 1598 quoties
545 1514 737 1600 exquiritur
755 1515 868 1598 liniue,
886 1523 989 1602 atque

93 1626 137 1692 10
159 1626 312 1694 Centena
330 1628 441 1712 istius,
463 1630 558 1695 cuius
575 1629 616 1696 de
635 1630 787 1696 millibus
806 1655 911 1698 unam

158 1746 318 1834 Accipias
337 1770 485 1830 rursum,
505 1754 609 1833 atque
626 1748 752 1814 iterum
768 1749 829 1814 has
845 1750 1039 1838 iterumque
1054 1777 1223 1840 reposcas.
1279 1791 1311 1832 55

158 1864 214 1928 An
234 1864 296 1948 sic,
317 1864 435 1948 stulte,
455 1871 557 1950 putas
576 1871 736 1930 naturam
755 1888 932 1932 excurrere
950 1890 1049 1954 posse

157 1983 272 2068 Atque
293 1990 414 2067 artem,
435 1983 540 2048 moles
560 1984 657 2069 quasi
673 1991 826 2049 tractans
846 1986 1002 2052 materiei

156 2101 234 2167 Non
253 2123 405 2185 unquam
424 2106 612 2165 extremam
628 2101 739 2165 valeat
759 2101 957 2187 contingere
973 2108 1121 2170 metam?

90 2278 131 2342 15
233 2277 295 2333 ul.
315 2275 360 2332 14.
383 2272 549 2348 Vulgatum
567 2278 630 2348 est,
656 2269 829 2328 continuum
856 2269 1006 2331 dividenti
1023 2280 1151 2333 naturae
1173 2281 1205 2337 et
1233 2284 1300 2342 arti

154 2410 315 2466 numquam
332 2409 368 2448 eo
384 2387 546 2448 deventum
564 2386 614 2462 iri,
633 2393 666 2444 ut
684 2404 736 2444 eae
752 2393 929 2444 succurrant
945 2394 1062 2464 partae,
1079 2409 1157 2464 quae
1170 2390 1201 2449 iu
1213 2393 1298 2457 alias

152 2527 272 2566 rursum
289 2512 394 2584 partes
412 2502 543 2563 discindi
559 2507 725 2576 nequeant;
743 2501 831 2575 quasi
848 2500 891 2560 ita
909 2499 939 2558 in
963 2502 1101 2563 subiecto
1128 2510 1297 2573 conveniat

150 2625 225 2686 reali
236 2623 373 2703 potantia
384 2643 402 2682 a
412 2619 551 2700 partibus
563 2620 601 2678 ad
612 2627 716 2696 partos
728 2617 803 2675 alias
816 2616 1033 2694 perceptibiles
1043 2621 1205 2700 proficisci,
1217 2645 1294 2702 que-

149 2741 342 2802 madmodum
359 2736 567 2798 ratiocinando
585 2735 690 2794 habita
705 2732 865 2792 millesima
877 2732 965 2790 unius
978 2733 1066 2810 digiti
1081 2746 1182 2817 parte,
1197 2741 1289 2806 unius

82 2871 126 2936 20
149 2862 329 2924 millesimae
349 2876 511 2938 possumus
528 2873 674 2932 quaerere
691 2852 790 2911 adhuc
803 2850 893 2908 aliam
908 2851 1111 2932 millesimam,
1133 2859 1286 2938 uniusque

147 2981 253 3040 harum
268 2978 480 3047 centesimam,
499 2983 530 3034 et
547 2974 635 3033 unius
652 2993 688 3031 ex
704 2971 752 3029 his
769 2967 943 3027 centesimis
961 2968 1125 3051 decimam,
1145 2981 1286 3044 etunius

146 3119 184 3159 ex
201 3098 248 3156 his
264 3096 390 3157 decimis
407 3092 611 3168 millesimam,
630 3096 661 3149 et
679 3088 720 3147 ita
737 3087 803 3147 sine
818 3086 876 3144 line
891 3086 1076 3163 procedendi
1099 3091 1200 3153 nullus
1221 3117 1285 3158 um-

146 3236 234 3291 quam
252 3212 359 3275 modus
377 3219 542 3284 statuatur;
565 3229 600 3268 ac
616 3207 643 3266 si
659 3225 718 3265 non
736 3202 858 3263 differat
874 3201 917 3259 ita
938 3206 1123 3264 numerando
1147 3211 1284 3273 multitu-

145 3332 246 3392 dinem
263 3329 449 3392 multitudini
470 3326 615 3403 adiicere,
639 3330 729 3401 atque
750 3317 913 3380 dividendo
930 3318 1169 3393 magnitudinem
1185 3347 1203 3385 a
1220 3349 1282 3390 ma.

77 3459 120 3525 25
143 3454 303 3533 gnitudine
321 3451 515 3526 subtrahere,
533 3447 673 3522 idemque
687 3442 728 3503 sit
741 3436 926 3500 descendere
944 3437 1075 3496 secando
1090 3444 1276 3528 continuum,

143 3581 234 3650 atque
258 3570 424 3631 ascendere
450 3561 676 3644 multiplicando
702 3559 875 3630 discretum,
906 3560 996 3627 atque
1022 3572 1079 3611 una
1106 3558 1275 3638 eademque

142 3690 221 3752 ratio
239 3691 281 3752 sit
298 3687 432 3769 oppositi
452 3686 541 3747 huius
559 3691 591 3745 et
611 3680 694 3742 illius
719 3676 847 3752 ordinis,
874 3669 1047 3745 diversique
1074 3671 1180 3734 harum
1208 3680 1276 3742 illa.

143 3831 268 3888 rumque
287 3809 418 3888 partium
435 3803 567 3885 generis.

223 3931 239 3977 l
256 3931 304 3989 22.
326 3928 422 3986 Porro
433 3922 523 3982 nobis
534 3917 725 3981 statuendum
744 3919 802 3983 est,
819 3905 974 3968 materiam
989 3901 1103 3961 finitam
1119 3919 1276 3982 quantam.

75 4046 120 4109 30
142 4066 269 4123 cumque
288 4045 436 4105 obiectam
455 4039 593 4120 partibus
610 4042 749 4096 constare
765 4047 824 4088 non
850 4019 987 4094 infinitis,
1016 4017 1063 4075 cui
1089 4028 1273 4097 apponendo

140 4162 391 4239 magnitudinem,
410 4158 489 4219 sicut
506 4164 537 4217 et
553 4172 677 4213 numero
688 4147 773 4207 finito
787 4136 1015 4210 multitudinem,
1036 4133 1185 4196 infinitum
1203 4161 1270 4217 per.

140 4299 263 4339 currere
280 4277 361 4337 licet.
381 4276 406 4333 E
424 4282 529 4334 contra
547 4292 619 4332 vero
641 4289 659 4327 a
678 4264 763 4324 finita
781 4252 985 4336 magnitudine
1003 4257 1105 4328 partes
1124 4251 1271 4318 adimanti

754 4388 770 4393 -·
1226 4382 1271 4390 -ι

231 4464 264 4515 29
279 4473 387 4510 aturricro
400 4458 431 4510 42
