3428 5138
361 369 417 428 186
667 378 806 425 menam
828 377 931 423 earm
952 377 998 423 nn
1018 377 1154 440 mismo,
1176 379 1196 422 1.

358 535 466 597 clideis
482 541 703 612 apponeretur,
723 533 778 594 sed
796 539 914 594 tantum
932 543 965 593 nt
981 531 1140 593 intellecta
1157 531 1267 592 melius
1288 539 1394 594 essent
1414 540 1507 609 atque

359 660 535 732 perspecta;
552 658 584 711 et
597 649 651 710 ille
667 669 729 710 uun
745 657 794 711 est
811 649 926 710 oblitus
941 668 1060 710 omnem
1074 648 1118 710 rei
1139 648 1254 709 habere
1271 649 1436 727 rationem,
1453 650 1506 726 qui

359 767 507 846 quosdam
523 768 669 846 trianguli
685 786 818 828 canones
835 775 905 829 ante
924 766 1041 844 circuli,
1060 766 1207 843 quosdam
1223 773 1295 844 post
1312 767 1419 827 circuli
1436 786 1506 846 pro·

360 884 530 966 positiones
544 884 672 963 aperuit.
690 885 799 963 Neque
816 885 941 946 maioris
957 884 1118 962 scientiae,
1137 884 1192 946 sed
1208 884 1331 945 maioris
1347 885 1503 964 penuriae,

316 995 337 1059 ὃ
360 1002 552 1082 stupiditatis
567 1011 600 1065 et
616 1003 808 1082 ignorantiae
823 1005 944 1081 siguum
957 1006 989 1064 in
1006 1005 1251 1083 propositionum
1268 1013 1301 1067 et
1317 1006 1504 1067 axiomatum

360 1117 614 1200 multiplicatione
634 1119 739 1180 licebit
758 1121 911 1199 accipere;
934 1120 1178 1198 quandoquidem
1206 1129 1239 1182 et
1256 1121 1370 1184 artifex
1389 1131 1504 1201 quanto

359 1236 528 1317 perfectior
545 1244 593 1298 est
609 1245 695 1298 tanto
713 1237 907 1316 paucioribus
924 1238 1035 1299 mediis
1052 1246 1084 1298 et
1104 1238 1316 1300 instrumentis
1349 1249 1505 1318 operatur.

274 1373 277 1379 '
360 1357 403 1418 Et
423 1357 552 1419 cinerei
571 1356 791 1437 exemplumin
811 1358 869 1418 hcc
890 1357 1245 1437 propositoafferemus‚
1274 1359 1325 1436 qui
1342 1358 1434 1438 longe
1451 1361 1505 1420 mi·

360 1474 428 1535 nori
445 1473 670 1535 theorematum
690 1493 815 1534 numero
833 1473 900 1534 solo
917 1494 955 1535 ex
976 1475 1088 1535 circulo
1110 1483 1204 1551 atque
1221 1475 1319 1554 radio,
1340 1496 1418 1553 quae
1442 1477 1504 1555 ipsi

295 1593 338 1656 10
360 1591 477 1654 frustra
493 1601 702 1667 tentaverunt,
722 1613 780 1654 nos
801 1594 882 1654 omui
903 1592 1053 1654 facilitate
1068 1593 1240 1670 conquisita
1257 1594 1504 1655 commonstrabi·

360 1730 436 1770 mus.
459 1709 548 1770 Licet
571 1717 603 1770 et
632 1710 748 1788 regiam
775 1729 895 1788 quoqne
922 1729 1008 1771 suam
1028 1710 1174 1771 Euclides
1202 1731 1269 1772 eam
1297 1711 1505 1791 appellaverit

360 1825 551 1904 methodum
570 1848 659 1905 quam
672 1847 735 1888 uon
751 1847 819 1888 cnm
835 1826 896 1888 sibi
913 1828 1033 1889 occulta
1053 1828 1195 1905 meliore,
1217 1848 1307 1905 quam
1325 1837 1409 1889 certe
1436 1849 1505 1907 cap

360 1950 471 2022 tasset,
488 1943 544 2005 sed
562 1964 630 2004 cum
647 1945 805 2022 expressis
821 1944 1025 2005 deterioribus
1037 1943 1175 2006 conferre
1187 1944 1300 2024 potuit,
1319 1965 1394 2021 quas
1412 1946 1504 2006 etiam

362 2060 524 2121 solertiore
541 2061 643 2122 studio
661 2062 852 2141 contempsit.

399 2217 539 2226 ---.—.-...-
575 2221 616 2226 .--
637 2222 710 2227 ..-
729 2222 998 2230 ...---.---.-

458 2306 475 2354 8
483 2305 563 2368 sorae
576 2306 644 2371 quia
