3428 5138
255 404 315 462 298
551 416 690 462 rounam
713 414 815 460 anvru
836 415 881 458 na
901 414 1038 476 ururuo,
1059 413 1103 458 1r.

751 748 909 793 ORONTns.

256 982 408 1049 Palladis
427 981 465 1046 in
483 979 613 1066 templo
631 978 843 1063 triquetrum
861 976 903 1041 de
922 975 1079 1063 pluribus
1097 997 1206 1042 unum

256 1098 397 1186 Aspice,
419 1096 625 1162 Amaltheae
644 1116 711 1180 quc
730 1100 765 1159 et
783 1093 872 1160 Loto
891 1099 925 1158 et
943 1092 1096 1159 nectitur
1114 1092 1169 1178 Io,
1377 1120 1405 1163 aa

257 1216 390 1300 Nempe
409 1212 454 1278 ad
472 1210 693 1276 Amaltheam
711 1210 803 1275 latus
822 1208 886 1274 hoc
905 1231 972 1294 quo
991 1207 1115 1275 defluit
1133 1208 1172 1275 Io

213 1327 234 1390 h
256 1330 303 1394 Et
320 1328 454 1416 pariter
472 1330 564 1393 latus
584 1326 628 1393 ad
646 1327 760 1391 Loton
780 1346 847 1410 quo
867 1323 988 1391 defluit
1006 1325 1045 1391 Io

257 1445 475 1523 Quadratum
493 1444 662 1531 praebent
680 1443 873 1530 geminum,
893 1443 949 1509 cui
967 1464 1032 1531 par
1051 1442 1154 1509 datur
1173 1465 1281 1508 unum
1342 1475 1348 1489 =

258 1561 435 1640 Quantum
454 1561 498 1626 ab
517 1558 703 1625 Amalthea
723 1559 766 1625 ad
785 1559 900 1624 Loton
919 1559 1093 1645 reliquum
1110 1558 1202 1623 latus
1222 1557 1336 1640 offert,

258 1678 358 1755 Quod
377 1678 506 1743 similes
526 1682 674 1763 quatuor
692 1682 809 1763 partes
829 1673 936 1761 capit,
956 1697 975 1739 e
994 1673 1120 1759 quibus
1139 1672 1201 1738 illa
1379 1702 1406 1741 oo

257 1793 403 1879 Singula
423 1790 674 1879 comprendunt
692 1789 862 1876 geminas,
882 1789 984 1855 facile
1003 1789 1040 1855 id
1057 1788 1336 1875 triquetrumque

192 1917 234 1977 10
258 1907 358 1985 Quod
376 1908 436 1974 dat
455 1907 639 1973 Amalthea
658 1914 693 1971 et
712 1906 798 1993 Spes
817 1905 1114 1993 Euphrosyneque
1133 1911 1299 1992 reportat.

257 2023 405 2090 Consule
423 2047 485 2110 pro
505 2025 580 2090 luce
599 2023 664 2089 hac
682 2023 862 2108 Pyladem,
883 2022 912 2088 si
931 2022 998 2107 vis,
1020 2030 1055 2087 et
1072 2022 1274 2109 Amyntam.
1414 2004 1561 2084 1)·15φ

790 2301 881 2344 PARS.
905 2343 906 2346 ,

259 2523 308 2587 At
327 2523 357 2588 si
377 2543 596 2588 concrescens
615 2523 713 2589 venit
732 2525 879 2609 angulus
897 2523 974 2590 heic
992 2525 1053 2590 ubi
1073 2525 1186 2594 Loton

260 2639 354 2704 Hinc
372 2638 410 2704 Io
430 2646 482 2704 est
500 2645 648 2725 tangens
668 2639 766 2705 illinc
784 2640 1016 2726 Rhamnusia,
1034 2648 1069 2707 et
1087 2643 1184 2731 ipsae
1379 2675 1406 2717 aa

196 2756 237 2822 15
261 2755 473 2842 Iunguntur,
494 2755 603 2821 maior
621 2757 710 2824 ratio
728 2757 830 2823 lateri
850 2756 968 2824 addita
988 2782 1116 2846 magno
1132 2769 1193 2826 est.

261 2871 390 2938 (lontra
409 2871 470 2938 ubi
489 2873 687 2939 decrescens
707 2874 804 2940 venit
825 2876 973 2960 angulus
992 2875 1068 2942 heic
1087 2876 1147 2942 ubi
1167 2877 1250 2965 Spei

262 2989 314 3053 Ao
333 3010 447 3053 secum
466 2988 604 3055 iunctae
623 2996 658 3054 et
677 2989 792 3056 Hebes
811 2996 988 3078 spectatur
1007 2999 1041 3056 et
1060 2991 1113 3076 Io,

262 3103 431 3191 Apprime
450 3104 607 3170 ostendet
625 3105 838 3191 designando
858 3105 975 3172 omnia
991 3105 1093 3173 Iason

264 3218 455 3304 Tamquam
475 3220 517 3285 de
535 3220 661 3307 primo,
683 3227 719 3286 at
738 3221 850 3289 medio
869 3222 1031 3311 propiore
1050 3224 1252 3311 Melampus.
1369 3253 1409 3294 roo

198 3460 242 3522 20
750 3487 922 3532 navemus

266 3705 420 3790 Erigone
439 3711 625 3792 postquam
644 3705 820 3771 Fortunae
840 3715 891 3773 est
910 3707 1044 3795 iuncta,
1065 3716 1099 3776 et
1118 3711 1162 3777 ad
1182 3713 1292 3779 altum

267 3823 468 3909 Neptunum
488 3822 627 3887 semitas
647 3822 858 3909 copularint,
879 3823 1011 3890 Musica
1031 3827 1170 3911 quando

267 3937 391 4003 Iuncta
411 3944 462 4002 est
481 3938 635 4003 Naturae
655 3938 840 4024 ambasque
859 3940 1083 4028 Indulgentiae
1102 3944 1231 4029 tangit;

269 4054 488 4140 Propositum
508 4054 694 4119 ostendunt
712 4056 863 4141 primum
881 4064 920 4123 ut
938 4057 1052 4124 finitio
1070 4066 1184 4124 rectae

202 4171 245 4235 2¹5
269 4170 428 4257 Cuspidis
447 4170 589 4236 accessit
608 4179 868 4258 monstrataque
887 4175 1054 4241 dimetrus
1073 4197 1154 4240 esse.
1373 4206 1410 4245 ιω

363 4442 393 4493 21
411 4442 545 4508 Erygcuo
