3428 5138
620 427 664 471 nn
685 428 889 473 luvnmrroun
909 429 1032 473 ututur.
1338 413 1397 471 257

255 580 293 647 Si
311 606 373 669 per
392 591 426 648 et
445 584 537 648 hunc
555 589 737 670 punctum,
758 583 819 668 qui
837 591 889 648 est
907 584 1018 670 partis
1038 584 1221 667 terminus,
1241 584 1313 649 exit
1373 615 1399 650 so

253 697 383 762 Rectae
402 697 444 763 de
460 705 611 764 extremo
631 706 692 764 aut
706 698 869 784 triquetri
885 699 927 763 do
947 698 1087 785 cuspide
1106 698 1219 764 fluxus

254 810 310 877 Ad
329 820 458 878 sectam
476 815 581 900 parti,
600 821 640 880 ut
659 820 710 879 est
729 813 873 898 dictum,
891 813 1153 880 consimilarem.

333 1003 457 1063 Tertius
471 1003 579 1064 modus
596 1003 688 1080 longe
705 1002 826 1081 melior,
846 1003 898 1063 ubi
913 1006 928 1062 1
947 1003 1053 1063 eedem
1068 1000 1176 1063 eodem
1192 1010 1283 1080 pacto
1298 1001 1399 1064 divisa

209 1115 230 1178 5
252 1125 337 1178 recta
348 1120 444 1198 AB,2
459 1118 556 1180 altera
569 1119 616 1179 illi
630 1119 767 1198 aequalis
779 1120 849 1197 AH,
864 1121 883 1179 3
898 1121 1029 1197 angulus
1042 1127 1146 1179 rectus
1157 1119 1255 1196 BAH,
1271 1122 1291 1178 4
1304 1120 1399 1180 trian-

253 1238 353 1316 guluS,
367 1237 393 1298 si
410 1237 523 1314 lubeat,
537 1236 736 1316 complendus
753 1237 851 1313 ΑΒΗ,
871 1241 889 1297 Β
905 1237 1054 1315 paralleia
1068 1244 1171 1297 sectae
1187 1236 1227 1296 ad
1241 1236 1394 1313 angulum,

252 1354 311 1430 IK,
333 1373 410 1431 quaa
431 1362 480 1415 eet
500 1353 637 1431 aequalis
659 1353 788 1431 singulis
811 1361 913 1413 sectae
935 1353 993 1412 AB
1011 1373 1066 1413 sex
1093 1353 1249 1431 partibnS,
1270 1352 1399 1414 ethaeo

252 1470 369 1547 pariter
389 1489 427 1530 ex
447 1490 503 1531 sua
523 1470 701 1547 medietate,
724 1479 758 1530 ut
779 1489 816 1530 ex
836 1474 947 1549 puncto
964 1470 1006 1548 L,
1024 1468 1153 1530 cadente
1180 1477 1265 1530 recta
1285 1469 1344 1529 HL
1366 1468 1397 1528 in

254 1586 417 1667 punietum
431 1587 459 1647 G
474 1585 689 1648 manifestatur
706 1586 736 1646 in
749 1606 929 1665 comprenso
947 1585 1051 1665 spacio
1066 1585 1166 1664 magis
1181 1585 1320 1647 sensibili
1331 1586 1398 1647 BG.
1412 1599 1453 1661 p.
1468 1583 1556 1647 118

189 1695 233 1758 10
254 1703 335 1763 Item
353 1711 518 1782 expuncto
535 1703 569 1762 M
585 1702 699 1764 fluente
713 1712 799 1764 recta
818 1703 910 1763 ΗΜΕΙ
931 1703 1108 1764 manifestat
1123 1701 1276 1763 secundas
1290 1710 1397 1782 partes

255 1820 286 1878 in
303 1819 406 1898 spacio
425 1819 645 1899 comprehenso
665 1818 748 1880 inter
764 1820 790 1879 F
808 1829 839 1881 et
859 1820 896 1880 B.
914 1819 962 1880 De
982 1818 1107 1880 residuo
1130 1819 1245 1880 dictum
1262 1829 1311 1880 est
1327 1840 1398 1896 quo-

256 1935 346 1995 modo
364 1935 474 1996 iterum
490 1934 655 2015 agendum,
674 1942 706 1996 et
720 1934 940 1995 demonstratio
956 1942 1005 1996 est
1020 1935 1127 1996 eodem
1142 1943 1234 2013 atque
1248 1936 1396 2015 proxima.

674 2137 774 2184 Quartus
786 2137 864 2177 modus
877 2137 983 2187 optimus.

343 2290 484 2379 Optima
500 2296 575 2356 tum
590 2289 727 2355 demum
744 2295 796 2354 est
815 2289 995 2356 methodus
1013 2290 1181 2378 parvique
1200 2293 1341 2378 negoci,

190 2408 230 2473 Ιῦ
255 2406 330 2484 Qua
348 2414 533 2496 postquam
552 2413 604 2472 est
620 2406 687 2471 tibi
703 2412 795 2471 secta
813 2405 922 2491 basis,
943 2428 1023 2493 pars
1041 2429 1111 2472 una
1130 2406 1263 2492 trigoni

253 2525 342 2590 Aeta
357 2523 522 2610 parallela
539 2522 718 2610 oppositae
736 2545 843 2610 prope
862 2521 1014 2610 cuspidis
1034 2546 1107 2607 ora,
1371 2552 1398 2592 os

254 2638 349 2716 Quae
369 2660 518 2725 qnoque,
538 2638 591 2704 uti
610 2638 741 2704 dietum
761 2644 824 2723 est,
842 2639 1007 2704 subiectis
1026 2639 1185 2726 partibus
1203 2640 1277 2705 eius

253 2754 453 2843 Respondet
469 2762 594 2839 sectae,
615 2756 749 2842 quoties
768 2756 809 2821 do
828 2756 969 2843 cuspide
988 2755 1130 2822 adactus

254 2871 321 2935 Per
339 2871 443 2936 finem
462 2871 572 2957 partis
587 2881 681 2937 recta
699 2872 922 2960 protenditur
940 2872 1061 2956 index,

187 2987 232 3050 ‘20
254 2986 408 3052 Dimidia
426 2987 511 3053 haec
529 2988 660 3053 mediae
679 2990 876 3076 respondet,
893 2994 1035 3075 totaque
1053 2989 1132 3072 toti,

254 3101 453 3188 Questaque
472 3127 551 3191 pars
571 3113 726 3190 quartae,
744 3105 793 3170 sic
808 3105 968 3192 deinceps
986 3113 1183 3191 quantaque
1202 3129 1337 3192 cunque
1369 3137 1395 3173 to

362 4437 419 4490 oo
436 4436 521 4503 eno]
535 4437 559 4487 n
572 4452 585 4485 ο
599 4436 646 4486 nn
709 4434 740 4486 10
755 4432 848 4502 uun]
865 4431 951 4483 nuc
1015 4432 1044 4481 11
1063 4426 1316 4495 interstruere

386 4551 461 4592 Bruru
476 4551 530 4602 01¹1}-
545 4551 585 4588 tat.
598 4548 620 4599 1,
631 4550 652 4590 ³.
1210 4540 1235 4584 33
