3428 5138
361 374 401 434 34
801 385 943 431 reamur
963 383 1066 430 66116

357 561 425 628 1166
451 561 548 628 66116
571 585 651 650 pars
675 585 746 629 esse
770 561 898 628 dicitur
921 562 959 629 in
981 560 1176 628 latitudine.
1201 560 1253 626 64.
1278 560 1387 626 Linea
1418 581 1506 646 (1666

357 692 410 754 661
427 688 597 755 terminus
615 711 636 754 a
655 688 747 754 linea
767 711 855 775 quae
877 694 929 754 est
952 665 1067 754 fluirus
1083 686 1206 776 puncti
1226 691 1390 754 causetur
1408 707 1506 773 opor-

358 818 419 879 tet.
438 814 492 879 65.
511 813 611 892 Quod
623 836 699 880 eam
710 812 882 880 definiunt
896 813 993 880 66166
1012 819 1165 880 extrema
1181 818 1263 879 sunt
1280 811 1347 877 duo
1362 817 1505 899 puncta,

359 940 464 1026 etiam
481 940 588 1028 lippis
606 941 753 1008 veniunt
772 939 963 1024 deridendi;
979 940 1108 1006 etenim
1124 945 1159 1005 61
1178 938 1326 1006 circulus
1342 943 1378 1005 61
1393 938 1505 1005 616116

315 1065 559 1196 6161111616,
583 1073 619 1132 et
642 1065 679 1132 id
700 1088 810 1154 genus
833 1067 907 1152 alii,
931 1067 987 1132 vel
1011 1088 1119 1132 unum
1143 1065 1331 1131 terminum
1356 1085 1508 1131 eommu-

359 1214 438 1258 nem
456 1191 621 1279 pcsitive,
641 1193 696 1258 vel
720 1191 856 1258 nullum
880 1192 1037 1260 absolute
1059 1196 1262 1277 agnoscunt.
1287 1189 1389 1256 Adde
1414 1187 1507 1276 quod

359 1320 589 1409 necessarium
612 1327 665 1386 est
688 1343 763 1387 eam
789 1321 933 1387 eandem
956 1322 994 1386 in
1013 1321 1117 1409 plano
1136 1342 1206 1386 6116
1224 1320 1280 1386 vel
1299 1317 1507 1384 duabus'su-

360 1447 566 1537 perficiebas
585 1448 660 1530 (ubi
678 1448 770 1515 latus
789 1454 841 1515 est
864 1449 920 1516 vel
942 1449 1113 1514 terminus
1132 1446 1237 1514 divisi
1255 1446 1365 1536 plani)
1390 1445 1507 1512 termi-

360 1581 479 1642 natam
499 1575 703 1663 intelligere.
723 1577 775 1643 66.
796 1576 867 1643 Nec
886 1583 978 1644 recte
997 1575 1163 1642 definitur
1186 1598 1257 1641 esse
1281 1595 1368 1660 quae
1388 1595 1430 1638 ex
1454 1594 1507 1638 ae·

297 1713 340 1779 10
362 1727 430 1791 quo
454 1705 548 1772 intra
571 1727 632 1771 666
657 1705 757 1791 signa
781 1704 975 1791 interiacet,
999 1712 1039 1772 ut
1062 1704 1185 1771 definit
1207 1702 1382 1787 Euclides,
1408 1708 1507 1768 6161

361 1831 482 1899 definit
501 1833 656 1917 Proclus,
677 1855 764 1920 (1666
783 1834 875 1900 inter
898 1838 1051 1900 extrema
1074 1839 1127 1900 661
1150 1832 1328 1916 ordinata,
1354 1830 1505 1920 quando·

362 1958 502 2045 quidem
520 1965 555 2024 et
573 1959 702 2026 circulo
725 1959 890 2047 parallelo
914 1959 1078 2026 convenit
1101 1959 1193 2025 inter
1217 1958 1302 2024 duos
1326 1958 1426 2042 61166,
1450 1957 1507 2023 vel

361 2088 453 2156 inter
471 2087 539 2154 666
557 2094 687 2177 puncta
706 2111 766 2155 seu
783 2090 894 2177 polos,
913 2089 970 2157 vel
987 2088 1080 2154 inter
1098 2088 1267 2154 circulum
1290 2093 1324 2152 et
1348 2091 1505 2153 centrum

362 2216 551 2302 aequaliter
565 2215 778 2283 interiaeere.
795 2218 848 2282 67.
865 2217 969 2282 Mitto
987 2215 1107 2307 (quod)
1122 2214 1235 2281 dicere
1249 2213 1505 2301 longitudinem

297 2340 339 2405 15
363 2345 437 2411 sine
456 2343 643 2412 latitudine
661 2351 696 2411 et
714 2344 953 2432 profunditate
972 2350 1099 2429 (stante
1118 2342 1210 2429 quod
1232 2341 1414 2427 longitudo
1433 2362 1504 2406 non

362 2471 473 2558 magis
488 2472 628 2560 proprie
644 2477 696 2538 est
712 2472 749 2538 in
765 2469 931 2539 continuo
948 2469 1039 2557 quod
1055 2476 1107 2536 est
1125 2470 1218 2536 linea
1233 2470 1289 2536 vel
1305 2491 1428 2556 corpus
1447 2467 1504 2534 vel

362 2599 572 2688 superficies,
591 2622 695 2687 (166111
714 2600 753 2666 in
771 2621 810 2666 66
830 2600 922 2688 (1666
937 2606 990 2666 661
1007 2605 1121 2666 1116166
1140 2605 1175 2664 61
1192 2601 1343 2687 tempus)
1361 2620 1433 2665 non
1451 2603 1504 2664 est

362 2729 600 2796 convertibilis
619 2727 794 2813 definitio;
815 2727 977 2794 6166111111
996 2727 1117 2794 616116
1135 2749 1235 2816 posse
1255 2727 1392 2794 definiri
1415 2750 1505 2794 com·

361 2857 523 2945 perimus.
541 2857 593 2922 68.
610 2856 714 2922 Mitto
727 2855 819 2942 quod
833 2855 1008 2922 1111661166
1023 2855 1206 2942 longitudo
1222 2855 1281 2922 sed
1297 2856 1440 2943 longum
1452 2862 1504 2923 est

296 2987 341 3051 20
362 2983 533 3072 prolprie,
553 3005 641 3070 quae
660 2989 711 3049 est
730 2983 923 3068 minimum,
943 2982 1040 3048 cuius
1059 2981 1199 3068 signum
1215 2945 1325 3048 66166
1345 3002 1433 3067 (1666
1451 2990 1505 3049 661
1528 3003 1553 3054 6
1571 2990 1625 3054 5*

362 3111 540 3178 terminus
569 3112 621 3176 69.
645 3110 718 3176 Alii
742 3110 913 3176 definiunt
936 3110 1033 3177 66166
1062 3117 1179 3198 partes
1203 3132 1321 3178 omnes
1344 3110 1506 3178 omnibus

362 3241 525 3307 similiter
543 3239 770 3323 conveniunt,
789 3245 829 3304 ut
852 3240 903 3305 ait
923 3239 1080 3323 Proclus,
1101 3244 1232 3305 rectam
1251 3238 1445 3306 definiendo
1464 3246 1505 3306 ut

364 3367 470 3434 etiam
492 3372 608 3454 posset
631 3364 773 3431 definire
798 3364 1010 3431 circularem.
1036 3366 1087 3430 70.
1112 3364 1185 3430 Alii
1208 3365 1309 3431 aiunt
1332 3388 1408 3431 eam
1430 3387 1504 3432 esse

365 3515 453 3580 (1666
471 3491 633 3558 extremis
653 3490 873 3557 manentibus
893 3496 927 3556 et
947 3490 1021 3577 ipsa
1040 3496 1166 3556 manet.
1186 3491 1243 3556 An
1261 3511 1332 3556 non
1350 3490 1442 3557 idem
1461 3490 1504 3557 de

298 3619 342 3684 25
365 3629 483 3688 centro
512 3642 694 3707 possumus
712 3618 880 3684 asserere?
907 3619 957 3683 71.
982 3619 1080 3683 Alibi
1102 3618 1224 3684 definit
1247 3616 1407 3684 Euclides
1429 3639 1506 3684 66111

366 3773 437 3816 6666
466 3748 562 3814 611166
587 3769 667 3834 pars
696 3746 835 3833 quidem
858 3769 929 3812 non
953 3753 1004 3834 est
1027 3746 1065 3811 in
1089 3746 1243 3812 subiecto
1266 3746 1385 3833 plane,
1420 3766 1502 3831 pers

366 3884 482 3943 autem
501 3876 538 3941 in
558 3874 710 3958 sublimi3
730 3874 803 3958 666,
825 3874 896 3939 sive
920 3873 1110 3961 propositio
1130 3872 1176 3938 611
1193 3872 1277 3938 11666
1296 3873 1370 3939 sive
1388 3870 1507 3938 defini·

366 4004 430 4088 tio,
450 4025 521 4068 non
540 4003 650 4085 valet,
670 4023 740 4066 non
764 4000 857 4065 enim
880 4000 1085 4066 universalis
1109 4005 1172 4082 est,
1194 3998 1275 4084 quia
1300 4021 1378 4065 66111
1401 3997 1508 4066 61166·

367 4130 420 4195 166
438 4138 473 4194 61
489 4129 633 4216 sphaera
649 4135 800 4213 tangunt
816 4126 923 4193 alium
942 4127 1108 4192 circulum
1125 4132 1160 4190 et
1179 4125 1373 4213 sphaeram,
1389 4125 1508 4194 eoru'm

303 4262 347 4324 30
372 4261 463 4320 certe
482 4276 552 4320 non
572 4261 624 4319 est
642 4277 723 4340 pars
740 4253 776 4319 in
792 4253 915 4342 plan0;
933 4253 962 4318 si
971 4252 1062 4317 enim
1076 4251 1224 4319 circulus
1234 4258 1268 4317 et
1279 4251 1424 4339 sphaera
1433 4259 1510 4319 tan·

369 4389 459 4470 gunt
477 4381 621 4470 planum
639 4379 694 4447 vcl
714 4379 861 4446 alterum
877 4380 1043 4447 circulum
1066 4379 1139 4447 sive
1162 4379 1356 4470 sphaeram,
1372 4384 1508 4467 partem
