3428 5138
546 457 861 504 couruuurnmouss
881 459 924 503 ax
947 460 1077 506 ulaine.
1255 427 1256 431 ¹
1322 445 1378 505 189

243 637 310 676 eum
336 614 502 675 infelicium
523 615 685 693 spirituum
711 613 905 675 multitudine
931 614 1101 689 submersa,
1129 612 1228 688 adque
1256 621 1381 690 exopta·

244 737 379 796 tissimus
397 734 458 796 diei
475 733 614 794 monadis
630 739 787 813 aspectum
802 741 954 812 promota,
967 731 1102 793 beatifici
1115 738 1178 792 tum
1193 730 1313 792 demum
1336 752 1382 791 so·

240 856 279 915 lis
296 854 434 933 pleniore
450 854 565 914 lumine
583 852 795 932 perfundatur.

699 1201 854 1316 'olava
887 1251 932 1316 Π.

576 1433 689 1475 Clreuluru
701 1443 779 1472 uerum
790 1444 835 1473 nou
848 1443 897 1474 ease
909 1431 1047 1473 sensibilem.

331 1660 461 1726 Divino
480 1681 599 1725 seusus
619 1664 787 1744 quantum
805 1657 851 1723 sit
870 1679 1005 1744 cunque
1020 1658 1154 1744 vigore,

243 1778 321 1844 Non
341 1777 435 1843 valet
451 1777 487 1841 iu
506 1775 685 1863 proprium
703 1774 837 1860 eynlum
856 1797 1018 1841 revocare
1035 1775 1205 1859 tribunal,

242 1896 356 1983 Ipsius
372 1902 411 1960 ut
426 1901 547 1982 pateat
562 1891 768 1979 quandoque
786 1891 944 1956 examine
962 1914 1078 1975 verus;

243 2012 332 2077 Nam
349 2034 460 2097 neque
479 2010 673 2076 subiectum
691 2007 816 2095 recipit
834 2007 1016 2093 variabile,
1037 2015 1076 2074 ut
1096 2007 1186 2074 idem

177 2130 220 2193 10
242 2128 353 2193 Verus
372 2128 543 2193 duntaxat
562 2126 683 2191 finitur
698 2125 742 2191 ab
762 2124 875 2191 iudioe
895 2132 1021 2191 mente.
1375 2155 1388 2194 n

244 2242 528 2328 Quandoquidem
547 2243 584 2307 in
604 2242 715 2328 oyem,
734 2242 764 2308 si
781 2249 950 2329 punctum
970 2242 1141 2309 exorbitet
1157 2266 1278 2327 uuum,

242 2361 521 2446 Haudquaquam
540 2366 591 2425 est
610 2359 720 2446 ipsus;
740 2382 804 2425 neo
822 2359 915 2425 enim
934 2359 1145 2427 (listantibus
1164 2384 1270 2447 aeque

243 2477 406 2543 Partibus
424 2500 444 2543 a
464 2483 581 2542 centro
601 2475 734 2541 eunetis
754 2475 926 2559 subsistit,
946 2476 1073 2543 eteius

243 2593 406 2679 Exquirit
425 2599 559 2658 natura.
580 2591 661 2657 Pari
680 2591 744 2657 sub
763 2598 855 2657 sorte
873 2591 1003 2677 figuras

178 2713 219 2777 15
244 2709 466 2776 Conseribam
484 2709 648 2795 reliquus,
673 2709 753 2793 quia
773 2732 836 2774 neo
855 2717 993 2795 natura,
1013 2733 1076 2775 neo
1095 2710 1180 2776 artis
1361 2742 1386 2779 lu

243 2826 428 2912 Ingenium
448 2824 533 2890 facit
552 2848 624 2890 esse
643 2825 722 2890 sinu
740 2823 782 2891 de
801 2825 958 2891 materiei

243 2946 439 3031 Promptas‚
460 2943 497 3008 iu
517 2965 638 3030 eampo
658 2948 692 3007 et
710 2941 798 3008 faeie
817 2965 932 3008 rerum
951 2950 991 3008 ut
1009 2942 1204 3010 videantur.

245 3060 411 3139 Quocirca
430 3067 470 3125 ut
488 3067 656 3147 puuctum
672 3083 733 3146 per
752 3059 861 3125 millia
880 3059 990 3125 multa
1009 3059 1138 3125 recedit

244 3176 341 3242 Infra
361 3177 468 3241 aciem
488 3199 620 3260 sensae,
642 3176 691 3242 sio
715 3177 872 3262 eyelique
890 3177 1003 3243 orbita
1021 3177 1106 3242 veri.

177 3292 222 3355 20
244 3295 390 3381 Ipseque
410 3294 439 3359 si
458 3318 560 3360 verns
580 3317 694 3360 eoram
713 3294 911 3379 obiiciatur,
931 3294 975 3361 ob
995 3294 1089 3360 istud
1362 3323 1388 3362 n

245 3410 324 3475 Nou
340 3411 432 3475 eluet
447 3409 490 3475 ad
507 3433 659 3496 sensum,
681 3410 761 3498 quia
780 3410 938 3497 partibus
957 3410 994 3475 iu
1015 3410 1139 3497 quibus
1159 3410 1242 3477 ordo
1259 3419 1312 3476 est

246 3527 415 3593 Omnibus
435 3528 571 3615 integre
589 3551 661 3595 nou
679 3528 720 3593 fit
739 3528 802 3593 sub
821 3527 933 3593 iudice
952 3527 1039 3593 visu.

326 3770 442 3831 Sensus
463 3790 569 3831 verum
593 3771 737 3831 circulum
754 3791 815 3831 nou
832 3770 1049 3850 apprehendit,
1068 3770 1120 3848 qui
1144 3790 1203 3830 uuo
1232 3770 1270 3830 de
1297 3770 1388 3830 innu-

246 3888 442 3949 merabilibus
469 3888 661 3948 exorbitante
689 3894 801 3967 puncto
828 3907 888 3947 non
916 3895 964 3949 est
990 3887 1066 3967 ipse.
1098 3886 1190 3964 Sique
1217 3906 1323 3949 verum
1346 3888 1387 3949 sit

181 4000 224 4062 25
245 4005 318 4066 (lure
350 4005 494 4066 ciroulum
528 4026 629 4066 coram
661 4024 769 4082 sensu,
797 4004 892 4064 totius
919 4005 1010 4084 plane
1036 4004 1181 4085 confusa,
1203 4025 1264 4066 non
1285 4013 1387 4065 autem

247 4124 391 4182 distincta
406 4132 489 4183 esset
509 4123 723 4202 apprehensio.
746 4122 806 4183 Ubi
825 4123 937 4203 quippe
955 4121 1104 4183 etiamad
1122 4142 1244 4184 sensum
1260 4143 1391 4183 eommu-

246 4261 313 4301 nom
333 4241 437 4301 circuli
451 4241 501 4302 vol
519 4241 733 4317 cuiuscumque
751 4238 866 4318 figurae
884 4241 1005 4321 speeies
1022 4240 1282 4321 apprehendenda
1299 4240 1389 4304 deve-

246 4361 325 4436 niat,
344 4380 402 4419 uon
422 4369 470 4418 est
487 4358 618 4418 facultas
635 4377 712 4433 quae
728 4378 831 4418 veram
852 4357 951 4437 ipsam
969 4359 1007 4418 ab
1025 4366 1193 4439 apparente
1207 4359 1309 4438 speeie
1327 4359 1386 4420 dis·

247 4478 376 4549 tingunt.
396 4477 444 4536 Ad
471 4498 576 4537 venun
594 4497 667 4554 orgo
683 4477 827 4537 circulum
845 4497 945 4538 eorum
964 4477 1116 4538 obiectum
1134 4498 1206 4539 vere
1222 4477 1385 4538 videndum
