3428 5138
667 432 712 478 na
732 431 898 479 MENSVBA.

210 588 281 655 Ceu
298 589 411 676 primo
430 595 544 655 tractu
563 590 784 676 reotangulus
803 590 1010 675 insinuabit,

209 704 256 770 Et
276 706 482 791 quicumque
501 706 599 772 venit
617 711 711 771 recto
729 707 858 771 maiore
878 712 1012 772 creatus

209 819 282 886 Aut
299 819 392 886 infra
411 829 543 887 rectum
562 830 676 888 tractu
695 821 781 887 facit
799 822 907 888 altero
928 827 1095 909 apertum.

210 935 310 1013 Quod
327 937 410 1003 licet
428 939 613 1004 ostendant
628 938 777 1025 triplicis
796 946 895 1002 torna
914 937 1003 1003 atria
1022 936 1157 1024 templi,

166 1055 187 1119 ὃ
210 1051 357 1118 Telluris
376 1053 482 1120 faciat
501 1053 724 1120 manifestum
744 1055 903 1140 cingulus
922 1055 1033 1119 almae

210 1168 254 1234 In
272 1170 441 1255 triquetro
461 1170 613 1255 Alcinoi,
635 1171 819 1258 Geryonis,
839 1168 1129 1257 Bellerophontis,

211 1285 254 1351 In
272 1286 441 1373 triquetro
461 1287 645 1374 Orsilochi,
665 1288 930 1375 Nicomedisque
949 1295 1054 1373 atque
1072 1285 1254 1373 Melampi,
1328 1315 1353 1351 ιο

211 1403 322 1487 Inque
340 1402 404 1468 hoo
424 1426 527 1488 quem
545 1404 767 1491 Hesperides,
787 1404 965 1488 Berenice,
986 1401 1085 1468 vafra
1105 1400 1303 1483 Galanthis,

211 1519 258 1586 Et
276 1543 377 1608 quem
396 1522 556 1590 Pandora
574 1529 609 1588 et
629 1522 789 1610 Orithyia
809 1530 843 1588 et
862 1522 954 1589 clara
972 1521 1124 1608 Napaea.

606 1821 776 1867 CINGVLVM
798 1821 966 1866 mavum.

292 3321 438 3403 Operatio
453 3331 485 3384 et
502 3323 637 3385 ostensio
655 3324 743 3385 huius
757 3323 839 3402 quod
864 3325 914 3385 hic
935 3325 1122 3405 praecipitur
1143 3324 1297 3384 aratione
1318 3322 1352 3382 li·
1366 3336 1407 3397 p.
1422 3320 1519 3385 198

213 3460 337 3500 neuram
357 3441 439 3500 ultra
461 3441 605 3517 angulum
622 3440 838 3520 productorum
860 3450 892 3503 et
906 3442 945 3502 ad
962 3443 1060 3504 basim
1078 3441 1249 3520 aequalium
1263 3458 1355 3517 angu-

213 3560 312 3622 lorum
327 3561 471 3639 primorie
489 3561 687 3623 desumenda.

306 3817 322 3862 8
339 3811 472 3864 Galithia
486 3811 544 3877 (aio)
608 3818 624 3864 O
640 3814 744 3876 Napea.
767 3813 847 3876 Depo
863 3833 877 3865 o
892 3813 984 3880 prima
996 3815 1026 3865 di
1037 3821 1125 3878 questo
1142 3830 1217 3864 cerro
1229 3812 1242 3863 ὲ
1255 3814 1292 3863 da
1305 3831 1360 3862 αηι-

215 3903 318 3947 mettere
328 3913 382 3946 una
396 3896 502 3956 lacuna,
514 3913 526 3944 e
539 3895 560 3946 ie
571 3912 647 3945 verso
656 3900 735 3945 sterno
747 3893 760 3944 l
773 3902 900 3947 corrono.
911 3897 929 3946 I
935 3896 1018 3962 panti
1034 3899 1056 3946 O
1069 3913 1081 3946 c
1096 3897 1124 3947 N
1133 3913 1217 3948 erano
1228 3896 1275 3962 9521
1289 3893 1359 3945 ineli-

215 3977 269 4029 coti
275 3978 311 4026 da
321 3978 489 4045 Orsilochus
499 3996 511 4028 c
522 3978 720 4040 Nicomedes,e
730 3977 810 4040 quelli
819 3977 1022 4044 rappreaenloli
1030 3980 1207 4043 daOrithyia
1214 3997 1226 4030 e
1234 3980 1357 4045 Napoca,

215 4062 275 4112 vale
288 4079 305 4111 a
320 4059 379 4111 dira
394 4061 424 4112 0'
441 4061 512 4121 eN',
527 4077 581 4111 non
597 4078 660 4111 sono
676 4060 779 4126 arpenti
795 4062 867 4112 nella
878 4062 975 4128 fipara
1039 4064 1070 4113 10
1079 4064 1158 4127 forae
1172 4077 1305 4114 cruovavs
