3428 5138
467 445 622 493 rancum
644 445 817 492 anvnusvs
837 445 1108 493 urrusuarrcos.
1322 430 1360 490 39

218 621 406 710 ripheriam
425 619 544 686 LcBL
563 619 784 707 producatur.
804 620 857 685 25.
876 619 927 688 Ut
949 619 1041 688 datis
1065 619 1198 686 duabus
1221 619 1278 686 vel
1300 620 1364 685 tri-

218 748 283 814 bus
304 747 406 814 lineis
429 746 570 812 tertiam
591 744 647 812 vel
666 748 671 834 Ι
692 753 851 831 quartam
867 745 1163 835 proportionalem
1177 744 1362 833 accipiam?

219 872 309 960 Ipsis
324 894 387 960 pro
404 870 590 938 earundem
605 870 739 938 ratione
755 870 793 937 in
807 871 983 959 triangulo
999 870 1209 958 aequilatero
1225 869 1362 936 adcom·
1386 881 1411 932 ο
1427 867 1483 930 8v

219 997 368 1064 modatis
385 1003 425 1064 ut
444 996 593 1085 DcNS,
610 997 666 1063 vel
682 997 884 1083 aequicrure
899 1002 940 1065 ut
954 995 1101 1078 ᾉΑΙιΕ.
1114 996 1243 1063 Notato
1264 995 1303 1061 in
1321 996 1360 1083 ᾖ)

176 1128 198 1193 5
220 1123 304 1210 quid
320 1122 378 1189 det
394 1122 561 1189 distantia
576 1121 639 1187 AF
649 1173 656 1208 ,
667 1121 781 1210 posita
797 1146 899 1211 super
915 1120 1082 1189 distantia
1097 1119 1170 1207 NS,
1191 1121 1248 1188 vel
1266 1121 1305 1188 in
1325 1130 1359 1199 ἡ

220 1249 283 1315 DF
310 1271 413 1338 super
430 1249 503 1314 An.
526 1249 579 1314 26.
604 1249 654 1316 Ut
678 1248 770 1315 datis
794 1249 927 1316 duabus
951 1249 1192 1335 inaequalibus
1223 1247 1363 1315 tertiam

221 1375 386 1444 continua
405 1375 630 1463 proportione
648 1375 845 1442 inveniam?
864 1375 926 1441 Fit
941 1399 984 1442 ex
999 1376 1166 1443 ambabus
1182 1397 1251 1441 una
1271 1380 1365 1442 recta

220 1504 390 1594 producta
409 1508 444 1568 et
466 1501 647 1588 utriusque
671 1525 691 1568 a
715 1510 834 1570 centro
864 1502 1032 1570 distantia
1062 1501 1365 1586 circumfluxibus,

221 1631 483 1699 adcommodata
510 1631 639 1699 maiore
668 1632 792 1700 maiori
810 1631 1113 1700 circumferentiae
1131 1655 1219 1719 quae
1237 1639 1291 1698 est
1308 1632 1366 1698 ba-

157 1772 200 1836 10
222 1761 269 1828 sis
288 1759 471 1846 trianguli,
492 1759 589 1824 cuius
606 1759 698 1827 latus
717 1765 769 1826 est
787 1761 843 1828 vel
861 1761 899 1827 in
918 1767 1049 1846 contre,
1070 1760 1126 1826 vel
1144 1759 1182 1825 in
1205 1759 1365 1848 opposito

222 1884 522 1953 circumferentiae
545 1891 675 1972 puncto
705 1891 782 1971 etc,
810 1892 850 1952 ut
875 1887 914 1974 D
939 1885 1020 1952 data
1051 1860 1105 1952 cA
1135 1885 1201 1951 AN
1229 1908 1272 1952 ex
1310 1884 1366 1951 aN

221 1984 335 2078 factus
354 2019 406 2077 est
424 2011 622 2096 triangulus
642 2009 731 2077 cNS.
753 2011 805 2077 27.
824 2012 874 2079 Ut
890 2011 980 2078 datis
1004 2012 1137 2079 duabus
1152 2013 1256 2078 rectis
1275 2011 1367 2078 inae·

222 2136 396 2225 qualibus,
420 2143 461 2202 ut
474 2137 513 2224 3)
528 2136 578 2202 oF
603 2135 671 2222 cN,
701 2135 790 2204 dabo
814 2137 970 2204 infinitas
998 2139 1083 2206 alias
1108 2138 1260 2205 eiusdem
1289 2159 1367 2226 pro

221 2262 394 2352 portionis
425 2261 571 2328 maiores
600 2268 705 2348 atque
728 2263 899 2330 minores?
922 2263 977 2330 Ex
999 2264 1043 2331 iis
1067 2264 1200 2331 duobus
1224 2286 1366 2332 concen-

158 2383 199 2448 15
225 2389 324 2456 tricis
343 2386 481 2453 circulis
500 2386 695 2474 descriptis,
716 2394 751 2454 et
770 2388 906 2455 chordis
925 2397 965 2456 ut
992 2390 1055 2456 ΡΑ
1083 2397 1118 2455 et
1141 2389 1200 2455 SN
1219 2388 1365 2456 duorum

222 2516 556 2585 semidiametrorum
585 2515 640 2582 cN
668 2515 715 2582 cS
752 2516 796 2582 ab
827 2516 976 2584 invicem
1000 2518 1203 2584 distantiam
1226 2523 1261 2583 et
1291 2538 1368 2605 pro·

222 2645 457 2734 pinquitatem
476 2642 774 2729 consequentibus.
795 2645 849 2710 28.
867 2646 918 2713 Ut
936 2644 1028 2712 datis
1051 2645 1184 2711 duabus
1202 2645 1306 2712 rectis
1329 2644 1368 2710 li·

222 2773 296 2839 neis
320 2779 381 2839 aut
404 2770 541 2837 circulis
566 2769 805 2857 inaequalibus
829 2771 934 2859 (unde
956 2771 1112 2859 sequitur
1135 2772 1302 2839 iudicium
1324 2772 1367 2840 dc

222 2896 455 2984 rectangulis,
474 2895 807 2984 parallelogrammis
837 2904 873 2965 et
902 2898 1095 2985 quadratis,
1116 2921 1203 2986 quae
1233 2897 1367 2966 duabus

156 3032 201 3096 20
222 3024 326 3093 rectis
344 3023 445 3089 lineis
469 3022 705 3109 continentur)
729 3023 835 3089 sciam
858 3024 895 3090 in
919 3046 986 3111 qua
1009 3025 1234 3114 proportione
1258 3024 1367 3092 altera

223 3153 333 3222 maior
352 3152 418 3219 sit?
436 3151 473 3217 Si
490 3157 742 3239 componantur
758 3152 797 3217 in
811 3173 917 3218 unam
933 3160 1072 3239 rectam,
1102 3159 1142 3219 ut
1154 3154 1193 3242 ᾖ)
1207 3153 1261 3221 αΑ
1285 3154 1365 3244 AN,

223 3289 412 3368 contraque
430 3306 451 3346 c
470 3285 505 3346 et
521 3279 688 3346 distantia
708 3279 761 3345 aA
780 3279 842 3346 fiat
864 3280 977 3346 minor
1001 3281 1162 3367 circulus,
1188 3282 1367 3349 distantia·

224 3432 290 3496 que
309 3407 375 3474 AN
394 3408 455 3474 fiat
473 3406 598 3493 maior,
618 3412 654 3473 et
671 3406 806 3492 aequali
825 3406 893 3494 ipsi
912 3406 967 3473 oN
988 3409 992 3494 l
1012 3409 1125 3495 posita
1148 3408 1207 3475 NS
1230 3410 1366 3476 adcom-

225 3536 363 3604 modata
394 3533 626 3623 peripheriae,
651 3533 877 3620 conclusoque
913 3535 1088 3623 triangrdo
1117 3535 1210 3620 aNS,
1242 3560 1283 3603 ex
1313 3560 1367 3603 ae·
1390 3539 1480 3602 (11¹⁸

159 3673 202 3738 25
226 3665 321 3752 quali
335 3663 403 3754 ipsi
423 3663 490 3749 aA,
511 3662 568 3729 vel
583 3660 645 3725 AF
662 3660 877 3748 superposita
893 3661 960 3750 ipsi
976 3662 1036 3729 Ns
1052 3671 1086 3729 et
1104 3664 1148 3730 ab
1167 3665 1240 3730 eius
1259 3665 1367 3731 altero

225 3791 373 3857 termino
387 3788 517 3855 fluente
532 3787 577 3854 ad
592 3793 748 3853 centrum
768 3813 803 3873 c,
825 3810 926 3876 super
945 3795 1039 3854 recta
1058 3789 1120 3854 AF
1140 3789 1295 3875 sequitur
1313 3788 1368 3854 de

226 3920 363 4008 signata
382 3919 487 3986 tertia
501 3918 539 3983 in
555 3916 721 3983 continua
737 3916 1079 4003 proportionalitate;
1096 3917 1145 3983 ita
1164 3923 1204 3983 ut
1218 3917 1278 3983 illa
1291 3939 1368 4004 pro-

226 4045 340 4135 portio
359 4067 447 4131 quae
466 4049 518 4110 est
537 4043 629 4109 inter
647 4042 776 4108 lineam
799 4042 854 4108 oN
877 4048 912 4108 et
934 4043 1045 4130 ipsam
1069 4043 1209 4108 tertiam
1233 4067 1271 4109 ea
1301 4043 1368 4109 erit

227 4174 318 4240 inter
334 4173 550 4262 superficiem
569 4195 611 4237 ex
626 4171 718 4237 linea
735 4170 789 4236 cN
801 4178 835 4237 ct
854 4172 1068 4258 superficiem
1087 4195 1127 4237 ex
1143 4172 1235 4239 linea
1254 4174 1367 4240 tertia.

163 4298 206 4365 30
227 4303 330 4369 Patet
346 4301 383 4367 in
400 4300 518 4367 cadem
534 4300 646 4387 figura
663 4297 810 4387 sumptis
826 4296 958 4364 duabus
977 4298 1177 4385 aequalibus
1194 4303 1232 4366 ab
1253 4306 1288 4366 ct
1306 4301 1368 4368 bN.

230 4417 260 4423 ’
278 4416 307 4421 ”’
320 4416 424 4497 reus
