3428 5138
515 455 669 502 aamcvm
681 454 861 501 ,1111111111
881 452 1148 498 narnaunrrcos.
1365 430 1404 493 73

262 637 394 695 astrum
413 630 487 695 sine
505 637 596 695 terra
615 630 802 695 consistere
820 635 947 716 potest3
973 628 1016 693 ab
1045 650 1084 693 11
1112 648 1261 712 namque
1291 626 1405 692 solidi·

262 759 370 819 tatem
388 753 518 819 habent
537 755 661 820 omnia..
684 755 756 819 136.
776 754 874 839 Ignis
889 753 972 819 item
993 753 1067 818 sine
1085 750 1227 817 humido
1241 772 1312 816 non
1328 772 1406 816 con-

262 879 355 944 sistit
373 879 552 944 elementa.
574 880 646 944 137.
667 880 712 945 Ε1
728 879 820 964 ignis
844 877 1081 966 amphitritem
1104 899 1164 942 seu
1187 876 1403 961 elementum,

263 1003 354 1089 quod
377 1004 414 1069 in
438 1006 508 1071 sele
531 1004 719 1070 secundum
741 1003 889 1091 speciem
917 1010 969 1069 est
993 1001 1147 1067 lucidum
1177 1009 1212 1067 et
1240 999 1403 1084 calidum,

217 1134 238 1199 5
262 1126 433 1214 intellig03
457 1152 566 1214 aquae
590 1129 811 1214 elementum,
836 1128 928 1213 quod
946 1128 984 1192 in
1011 1127 1136 1192 tellure
1165 1134 1217 1192 est
1247 1124 1402 1192 fluidum.

263 1253 336 1317 138.
356 1253 491 1319 Divisio
507 1253 672 1340 sphaerae
691 1254 728 1318 in
747 1259 882 1340 partem
898 1251 1091 1316 aetheream
1108 1258 1142 1315 et
1161 1251 1403 1315 elementarem

259 1377 480 1465 phantastica
499 1386 563 1463 est,
584 1379 665 1464 quia
685 1378 857 1445 aetherem
876 1376 1132 1442 rationabiliter
1161 1375 1205 1441 ab
1234 1382 1313 1440 a'ere
1331 1396 1403 1441 non

261 1501 517 1590 distinguimus.
545 1505 617 1569 139.
641 1504 812 1569 Aetherea
835 1502 931 1588 regio
955 1508 989 1566 et
1013 1507 1106 1566 astra
1124 1523 1195 1566 non
1214 1500 1329 1565 minus
1348 1521 1405 1565 va·

260 1627 399 1693 riabilia
418 1635 512 1711 sunt,
533 1652 636 1714 quam
657 1650 744 1712 quae
763 1627 853 1694 circa
877 1648 940 1693 nos
958 1626 1061 1692 tellus
1086 1632 1120 1691 et
1139 1648 1210 1708 aer,
1231 1624 1403 1710 siquidem

197 1756 239 1821 10
261 1752 401 1819 omnino
443 1753 594 1819 eiusdem
632 1760 713 1818 suut
744 1751 969 1818 substantiae.
1004 1750 1053 1816 At
1084 1750 1202 1836 quales
1230 1773 1342 1836 nugas
1368 1756 1403 1815 11

260 1878 395 1944 somnia
415 1878 456 1943 de
478 1879 599 1963 quinta
615 1877 675 1943 1111
695 1877 842 1942 essentia
862 1876 1107 1963 ingenerabili,
1125 1874 1400 1963 incorruptibili,

260 2002 462 2068 invariabili
483 2009 517 2068 et
536 2003 688 2068 caetera!
715 2002 787 2066 140.
818 2000 948 2084 Tellus,
983 2007 1023 2066 ut
1053 2006 1087 2065 et
1115 2001 1231 2065 omnia
1262 1999 1402 2065 infinita

260 2126 428 2194 eiusmodi
447 2134 555 2211 astra,
575 2126 713 2192 mobilis
736 2133 803 2208 est,
823 2127 860 2191 in
884 2147 1089 2211 quocunque
1117 2132 1210 2190 astro
1239 2147 1400 2207 essemus,

260 2251 311 2317 ita
329 2253 430 2319 nobis
449 2252 537 2317 illud
556 2253 593 2317 in
610 2252 721 2317 medio
745 2260 779 2315 11
803 2251 981 2317 immobile
996 2249 1185 2333 videretur,
1202 2256 1241 2315 ut
1258 2258 1292 2315 et
1308 2256 1402 2315 terra

194 2377 406 2445 revidetur.
433 2377 587 2463 Aequale
617 2377 701 2441 item
730 2383 781 2441 est
809 2376 901 2442 circa
932 2376 1048 2440 omnia
1076 2376 1208 2442 coelum
1242 2382 1276 2439 11
1307 2381 1402 2440 astra

259 2501 497 2585 scintillantia,
514 2501 599 2566 soles
616 2508 650 2565 et
666 2500 819 2583 tellure-s,
833 2507 867 2564 11
878 2499 954 2564 ideo
966 2499 1072 2564 simili
1085 2498 1219 2565 ratione
1235 2498 1402 2579 cenltrum
1426 2505 1449 2569 1
1462 2506 1513 2569 8Ρ

259 2647 331 2690 1111
349 2625 503 2691 universi
522 2624 734 2704 riderentur,
755 2632 790 2689 11
809 2646 887 2690 cum
906 2646 947 2688 ex
967 2622 1009 2689 111
1026 2622 1194 2708 quaedam
1213 2622 1268 2689 vel
1285 2622 1402 2689 omnia

259 2750 349 2816 circa
367 2751 546 2837 proprium
566 2756 721 2816 centrum
742 2756 959 2834 moveantur,
977 2750 1069 2814 ultra
1084 2748 1313 2835 particulares
1332 2772 1402 2814 cer-

259 2884 374 2942 tarum
390 2875 567 2941 stellarum
584 2884 697 2942 motus
720 2874 892 2961 generalis
911 2879 946 2940 11
965 2874 1118 2959 aequalis
1136 2875 1226 2939 unus
1245 2875 1400 2941 omnium

191 3002 236 3066 20
258 3010 372 3066 motus
390 3006 581 3087 appareret.
595 3001 667 3065 141.
679 3001 795 3066 Motus
814 3005 934 3086 raptus
948 3021 1118 3086 nusquam
1135 3006 1186 3064 est
1202 2997 1240 3064 in
1255 3006 1401 3065 naturae

258 3124 455 3191 huiusmodi
473 3124 690 3212 principibus
706 3124 923 3206 substantiis,
942 3123 1000 3189 sed
1017 3123 1172 3190 omnium
1186 3122 1400 3210 principium

259 3257 371 3316 motus
390 3251 597 3315 intrinsecus
614 3257 665 3316 est
684 3250 843 3315 animalis
860 3248 1038 3336 appulsus,
1052 3255 1156 3333 atque
1169 3247 1312 3335 spiritus
1326 3250 1401 3314 uni-

258 3397 396 3441 versum
415 3374 605 3460 exagitans.
627 3375 700 3439 142.
713 3374 855 3440 Coelum
867 3397 979 3459 neque
993 3371 1184 3440 similitudo
1204 3373 1399 3462 archetypi,

259 3521 370 3585 nequa
389 3499 613 3565 commoditas
633 3499 677 3564 ad
705 3497 923 3586 capiendum,
943 3521 1053 3584 neque
1081 3497 1316 3565 distinctionis
1344 3523 1402 3566 ne·

192 3625 236 3690 25
259 3625 415 3708 cessitas,
435 3645 546 3709 neque
564 3624 666 3689 vacui
696 3622 972 3711 impossibilitas,
1000 3646 1112 3709 neque
1141 3625 1400 3711 penetrantium

260 3770 442 3836 corporum
461 3748 743 3814 inconvenientia
762 3748 866 3815 faciet
889 3748 990 3816 nobis
1019 3772 1092 3815 esse
1120 3750 1316 3816 rotundum.
1336 3751 1402 3817 Ne-

260 3874 406 3940 cessario
425 3873 508 3938 item
525 3874 642 3959 aliqua
660 3897 740 3962 pars
760 3875 846 3941 coeli
869 3875 970 3942 nobis
992 3875 1220 3962 propinquior
1242 3884 1308 3961 est,
1333 3877 1401 3942 alia

259 4022 341 4064 vero
361 3999 537 4082 remotior3
558 4008 592 4065 et
618 3999 915 4066 vicissitudinibus
939 4000 1145 4086 quibusdam
1168 3999 1285 4067 eadem
1309 4024 1401 4067 nunc

259 4126 416 4214 propiuS,
451 4148 544 4192 nunc
578 4148 659 4192 vero
694 4125 832 4212 longius
867 4124 973 4192 abest.
1012 4126 1085 4191 143.
1114 4125 1263 4210 Lunam,
1296 4125 1401 4193 solem

352 4412 369 4459 8
384 4408 590 4474 amphytritem

392 4522 468 4562 11111111
488 4522 541 4571 Opp.
555 4522 595 4559 ue.
608 4520 660 4569 1,³.
