3428 5138
512 415 668 461 uaricum
690 415 862 461 inversus
882 413 1151 459 usrasuurrcos.
1360 397 1396 457 15

253 603 302 681 (et
320 596 358 662 in
377 594 555 662 infinitum
574 592 748 660 dividenti
771 593 987 677 continuum)
1004 599 1056 660 est
1071 591 1201 678 ubique
1220 591 1398 689 circumfe-

252 724 365 793 rentia
383 745 446 811 per
464 722 561 811 plani
579 721 795 788 divisionem.

341 851 384 918 V.
407 849 529 916 Finita
556 848 696 937 proprie
724 870 796 915 non
823 847 928 914 habet
956 854 1128 932 centrum,
1153 849 1191 915 in
1221 848 1400 915 infinitum

176 1070 181 1077 Ι
254 978 426 1047 dividenti
445 976 584 1043 infinita
602 975 743 1064 proprie
760 997 832 1042 non
850 975 956 1043 habet
974 976 1216 1065 peripheriam.

209 1119 232 1184 5
341 1104 402 1172 VI.
426 1104 464 1170 Si
494 1126 575 1191 ergo
601 1111 759 1171 centrum
785 1103 902 1191 potius
925 1110 978 1170 est
1005 1103 1047 1170 de
1076 1103 1212 1171 ratione
1236 1102 1400 1191 sphaerae

255 1254 359 1318 quam
378 1230 671 1317 circumferentia,
690 1230 805 1298 verior
833 1229 978 1319 sphaera
1001 1236 1053 1296 est
1071 1230 1272 1296 universum
1296 1249 1400 1314 quam

255 1360 404 1427 mundus
422 1359 478 1428 vel
498 1359 695 1446 quicunque
717 1358 851 1445 globus,

344 1487 423 1554 VII.
440 1487 535 1552 Bene
547 1485 648 1553 aiunt
659 1484 874 1574 sphaericam
887 1485 1035 1572 figuram
1047 1507 1119 1552 esse
1131 1484 1402 1574 capacissimam,
1426 1503 1457 1552 a
1472 1489 1550 1552 10r

257 1612 317 1679 sed
332 1611 442 1677 nostri
460 1611 622 1698 vulgares
633 1609 831 1699 philosophi
850 1632 921 1676 non
933 1609 1136 1696 intelligunt
1147 1608 1212 1676 hoc
1224 1610 1301 1677 ideo
1315 1631 1402 1695 esse,

193 1759 236 1824 10
259 1739 340 1826 quia
350 1759 414 1825 per
426 1737 538 1823 ipsam
554 1736 718 1803 convenit
729 1736 907 1803 infinitum
925 1735 1153 1824 praesentari3
1165 1735 1210 1802 ad
1226 1736 1403 1802 infinitum

258 1864 350 1931 enim
361 1860 575 1950 respicienti,
589 1867 725 1929 constat
743 1860 833 1926 hanc
852 1861 958 1927 etiam
974 1884 1046 1928 esse
1057 1861 1249 1948 figurarum
1261 1861 1404 1928 minime

258 2010 429 2077 capacem.
460 1987 584 2073 Itaque
611 1986 696 2053 haec
724 1991 776 2070 (ut
804 1987 893 2053 aliae
920 1988 1062 2071 multae)
1089 1987 1282 2076 propositio
1307 1988 1404 2054 iuxta

259 2115 485 2183 falsissimum
504 2137 641 2181 sensum
660 2112 836 2202 profertur
854 2137 875 2180 a
890 2115 1019 2181 nostris
1035 2114 1241 2203 antisophis,
1259 2137 1346 2201 quae
1359 2115 1402 2180 ab

259 2241 415 2329 antiquis
433 2240 650 2329 sapientibus
670 2239 857 2307 secundum
876 2240 981 2306 aliam
1000 2246 1150 2306 mentem
1169 2247 1221 2306 est
1239 2241 1385 2327 prolata.

194 2380 237 2445 15
349 2367 447 2435 VIII.
472 2366 643 2455 Sphaerus
673 2389 733 2433 seu
766 2365 888 2452 globos
916 2389 976 2432 seu
1009 2372 1102 2431 astra
1132 2365 1408 2433 demonstrative

262 2494 441 2562 ostendere
461 2494 558 2560 cuius
575 2494 646 2560 sint
661 2494 792 2580 figurae
805 2514 876 2559 non
892 2498 945 2559 est
960 2491 1125 2580 possibile
1143 2492 1272 2558 nostris
1288 2492 1409 2561 cosmi·

262 2622 396 2690 metris:
412 2621 513 2688 nobis
532 2627 649 2687 autem
664 2620 749 2687 haec
772 2643 851 2687 vere
870 2619 1068 2707 sphaericae
1084 2618 1217 2705 figurae
1238 2641 1309 2686 non
1335 2642 1408 2685 esse

263 2749 410 2838 probare
436 2755 489 2814 est
517 2746 602 2815 adeo
635 2746 752 2831 facile,
780 2752 821 2813 ut
850 2745 915 2814 hoc
945 2746 1051 2812 etiam
1079 2745 1171 2811 inter
1195 2745 1408 2812 theoremata

265 2895 559 2943 connumeremus.

353 3001 419 3067 IX.
443 3001 533 3068 Vera
557 3000 701 3088 sphaera
721 3022 792 3066 non
814 3008 866 3066 est
890 3000 1077 3085 sensibilis,
1097 3021 1209 3086 neque
1233 2998 1410 3066 sensibilis

266 3150 339 3194 csse
361 3132 478 3215 posset
495 3127 607 3214 magis
627 3148 730 3212 quam
750 3125 970 3192 individuum
988 3126 1103 3214 ipsum
1124 3133 1280 3191 naturae:
1303 3124 1408 3191 immo

267 3252 454 3341 multiplici
473 3252 607 3319 ratione
627 3252 742 3317 minus
759 3274 831 3318 esse
850 3252 1048 3317 sensibilem
1067 3257 1119 3316 est
1138 3272 1284 3316 necesse.

373 3444 690 3451 --—-—-—————---—-
705 3444 724 3449 .-
738 3444 755 3448 .-
771 3443 789 3448 -
804 3442 1101 3450 ---ι--.-..---..
1116 3445 1150 3451 ....
1166 3443 1296 3451 .,.-...--
1309 3444 1314 3449 .

361 3556 377 3604 t
393 3552 602 3620 periphaeriam
665 3553 682 3604 6
699 3551 882 3603 vcnivcrsum
