3428 5138
258 386 319 444 240
552 399 692 444 ronnnnr
712 399 813 444 suurn
835 400 880 443 nn
899 400 1034 461 nrrnrno,
1057 401 1104 444 ιιι.

259 555 397 617 sissinius
421 556 566 616 tenebras
594 555 825 633 protruduntur,
851 563 885 616 ut
912 565 944 618 et
972 556 1098 616 tandem
1119 562 1227 635 aperte
1258 556 1407 618 sensibus

260 680 353 747 atque
373 671 485 732 rationi
517 672 668 732 contraria
695 673 942 734 constantissime
968 680 1121 734 tueantur.
1140 671 1192 733 Sic
1217 672 1313 751 igitur
1341 671 1405 734 duo

257 786 446 864 geometriae
463 807 589 865 genera,
609 807 686 863 quae
704 797 848 862 qnantum
866 789 982 849 veritas
1000 808 1018 847 a
1039 788 1194 865 salsitate,
1217 788 1346 849 scientia
1362 790 1405 848 ab

258 904 444 982 ignorantia,
464 902 547 963 luxa
565 905 701 965 tenebris
719 905 933 983 abiunguntur,
956 904 1062 965 videre
1079 904 1196 980 licebit,
1216 925 1343 981 quarum
1359 905 1404 964 al·

213 1011 234 1073 ὗ
260 1026 326 1079 tera
350 1040 369 1079 a
394 1019 517 1079 minimo
545 1021 647 1099 posito
673 1028 827 1096 tamquam
854 1019 1029 1081 necessario
1057 1019 1274 1099 fundamento,
1303 1019 1404 1081 altera

257 1153 331 1194 vero
348 1154 366 1192 a
383 1132 505 1193 minimo
523 1134 666 1212 ignorato
683 1135 812 1210 incedit;
830 1135 929 1195 altera
940 1135 971 1194 in
982 1135 1146 1196 horribiles
1163 1137 1319 1215 ambages,
1334 1154 1405 1197 con-

256 1247 394 1310 fusiones
417 1259 449 1310 et
468 1251 729 1328 irregularitatum
748 1250 906 1312 confessas
927 1252 1083 1330 myriades
1100 1251 1279 1330 intruditur,
1303 1252 1404 1313 altera

255 1364 287 1423 in
303 1366 434 1425 omnium
452 1369 548 1427 lucem
567 1368 729 1428 sublevata
745 1367 878 1428 nitescit.
900 1368 962 1428 Pro
990 1368 1073 1428 illius
1101 1377 1189 1447 parte
1216 1367 1340 1446 quidam
1362 1368 1402 1429 de

258 1483 482 1542 correctoribus
505 1483 537 1542 iu
562 1482 693 1559 quadam
717 1502 810 1561 super
836 1483 965 1543 Euclide
993 1483 1032 1542 ad
1059 1483 1223 1543 candidum
1251 1484 1399 1545 lectorem

193 1596 234 1661 10
258 1599 449 1677 praelatione
464 1600 507 1659 ita
525 1600 724 1661 vociferatur:
745 1602 833 1661 «Hic
850 1621 922 1661 vero
937 1601 990 1661 ubi
1004 1601 1200 1661 Democritus
1216 1609 1308 1678 atque
1325 1601 1403 1662 Leu-

258 1717 365 1795 cippus
382 1716 453 1776 illas
474 1724 592 1776 atomos
617 1736 688 1777 snas
710 1724 742 1776 et
763 1715 923 1776 individua
946 1717 1127 1795 corpuscula
1150 1725 1182 1777 et
1208 1718 1403 1779 Xenocrates

256 1832 460 1910 impartibiles
475 1832 621 1908 quasdam
643 1831 870 1908 magnitudines
897 1833 1051 1911 concedit,
1080 1833 1268 1910 geometriae
1296 1832 1404 1892 funda-

257 1959 360 2011 menta
377 1965 483 2029 aperte
501 1958 646 2029 petuntur
663 1959 695 2012 et
712 1950 850 2011 funditus
867 1959 1060 2028 evertuntur3
1076 1952 1187 2030 quibus
1203 1953 1313 2014 dirutis
1325 1953 1403 2012 nihil

259 2067 399 2143 equidem
416 2068 499 2128 aliud
515 2069 605 2129 video
620 2077 750 2146 restare,
768 2089 859 2146 qnam
871 2076 906 2128 ut
920 2068 1110 2147 amplissima
1118 2069 1402 2131 mathematicorum

193 2179 234 2242 li)
258 2186 379 2247 theatro
395 2195 522 2266 repente
537 2187 706 2248 concidant.
725 2188 875 2248 Iacebuut
891 2207 977 2264 ergo,
997 2187 1023 2246 si
1037 2188 1106 2248 Diis
1121 2188 1236 2267 placet,
1253 2196 1301 2250 tot
1317 2208 1401 2267 prae

259 2302 341 2362 clara
365 2311 591 2380 geometrarum
609 2303 647 2362 de
664 2302 860 2382 asymmetris
878 2311 910 2363 et
923 2303 1023 2379 alogis
1041 2303 1302 2381 magnitudinibus
1318 2305 1404 2365 theo-

258 2420 392 2479 remata?
412 2419 492 2492 Quid
511 2419 590 2479 enim
605 2438 715 2480 causae
728 2418 827 2498 dicas,
845 2439 897 2479 cur
911 2418 1070 2480 individua
1087 2419 1168 2480 linea
1184 2420 1263 2481 hauc
1280 2421 1402 2496 quidem

259 2535 414 2614 metiatur,
432 2535 517 2595 illarn
536 2555 609 2596 vero
633 2536 734 2596 metiri
752 2556 812 2596 non
834 2539 945 2616 queat?
963 2536 1121 2614 Siquidem
1138 2538 1219 2616 quod
1246 2537 1400 2599 minimum

258 2652 289 2710 in
307 2673 486 2728 unoquoque
503 2671 616 2729 genere
630 2653 795 2732 reperitur,
807 2653 839 2714 id
851 2653 1018 2714 communis
1035 2653 1166 2714 omnium
1178 2674 1320 2715 mensura
1331 2674 1401 2719 esse

191 2766 235 2827 20
258 2770 345 2830 solet.
357 2792 371 2826 n
393 2770 488 2842 Quem
507 2779 612 2831 contra
622 2791 683 2830 non
695 2779 756 2831 tam
768 2770 850 2833 bella
862 2771 1015 2832 latinitate
1026 2790 1116 2847 quam
1127 2791 1236 2832 sensus
1247 2773 1398 2834 bonitate:

257 2890 399 2950 iacebunt
414 2909 499 2967 ergo,
514 2890 649 2969 inquam,
663 2890 688 2949 si
700 2890 768 2950 Diis
780 2890 894 2969 placet,
909 2889 1059 2949 edomine
1077 2888 1253 2968 candidate,
1268 2889 1402 2970 philoso-

257 3007 348 3084 phiae
372 3026 446 3067 vera
463 3006 589 3083 lumina,
610 3015 640 3067 et
656 3006 835 3085 consepulta
857 3026 917 3065 non
943 3004 1105 3082 aliquando
1127 3014 1309 3083 resurgent,
1333 3007 1405 3082 quia

259 3125 353 3185 tantis
367 3125 515 3201 numeris,
535 3124 634 3185 titulis
652 3136 743 3200 atque
760 3122 934 3202 privilegiis
952 3123 1083 3183 increvit
1096 3122 1290 3200 ignorantia?
1311 3123 1404 3184 Num-

258 3243 342 3320 quid,
360 3265 376 3303 o
395 3243 582 3320 amplissime
600 3241 722 3302 domine
739 3240 899 3319 magister,
913 3262 967 3320 pro
979 3241 1106 3300 interitu
1118 3241 1237 3318 alogiae
1250 3248 1280 3302 et
1294 3241 1404 3303 incom-

191 3356 234 3420 25
259 3359 532 3420 mensurabilitatis
559 3360 661 3438 potius
679 3358 859 3438 plorandum
878 3359 1021 3435 censebo,
1045 3377 1135 3434 quam
1155 3379 1209 3436 pro
1243 3356 1344 3436 legiae
1372 3368 1406 3418 et
1454 3397 1464 3413 ,

258 3494 418 3535 mensurae
433 3477 626 3536 renascentia
642 3474 856 3551 gaudendum?

338 3594 355 3641 l
377 3591 545 3652 Considera
560 3611 633 3668 orgo
652 3591 763 3670 primo,
782 3599 815 3649 ut
830 3591 896 3650 sine
915 3591 1038 3652 minimo
1053 3591 1101 3651 sui
1122 3592 1245 3669 generis
1267 3591 1299 3652 in
1320 3591 1403 3652 nullo

258 3728 371 3786 genero
386 3708 427 3768 sit
445 3728 599 3786 mensura,
619 3707 740 3784 etquid
758 3728 795 3768 ex
817 3708 1062 3768 consideratione
1079 3708 1190 3769 similis
1208 3708 1324 3786 figurae
1344 3730 1404 3769 ma·

258 3825 332 3884 ximi
351 3832 382 3885 et
400 3825 513 3884 minimi
533 3837 745 3901 consequatur.

193 3948 237 4010 30
340 3939 446 4009 uduo
478 3939 585 4000 ordine
613 3939 768 3999 minimum
798 3939 878 3999 circa
912 3940 1068 3999 minimum
1101 3939 1130 3998 in
1163 3939 1276 4000 circulo
1311 3949 1403 4018 atque

261 4058 405 4136 sphaera,
424 4057 498 4116 item
515 4057 545 4115 in
569 4054 737 4115 rectilinois
756 4063 847 4132 atque
868 4054 967 4133 planis
985 4054 1089 4115 hedris
1108 4054 1280 4114 terminatis
1299 4077 1403 4134 corpo-

264 4197 498 4207 .....--1——
520 4198 530 4202 -
552 4197 584 4202 --
615 4197 686 4202 ----
710 4197 753 4203 .-.-
813 4197 846 4201 --
910 4196 943 4201 --.
1011 4194 1209 4202 -....-..-
1234 4197 1279 4202 -..
1298 4198 1358 4204 ...-

352 4262 589 4327 lprotroduntur
652 4262 733 4311 idad
749 4260 770 4312 il
782 4278 866 4325 paean
883 4262 919 4310 da
938 4259 984 4311 noi
994 4266 1072 4326 posto
1089 4268 1134 4311 tro
1159 4262 1294 4328 rr'rqolctlc
1310 4265 1323 4315 ὲ
1340 4267 1403 4316 tulto

260 4342 338 4392 dalla
353 4343 511 4407 prada-riona
525 4342 595 4407 dqqli
609 4342 736 4392 Euclidis
750 4344 965 4392 Elementorum
979 4341 1059 4392 Libri
1074 4344 1125 4395 XV
1139 4360 1241 4408 graeco
1258 4354 1287 4394 ot
1301 4346 1400 4410 latine,

260 4425 393 4475 Lutetiae
405 4424 480 4488 apud
494 4422 689 4486 Gnglislmum
704 4421 846 4484 Cavellat,
860 4423 921 4473 Ιὶὐῖ
983 4424 1016 4472 22
1032 4428 1210 4490 resurgant?
1223 4426 1292 4494 quia
