3428 5138
449 456 604 505 sarrovm
625 452 796 504 anvaasvs
815 452 1083 503 uarnnusrrcos.
1297 433 1337 499 35

197 629 236 696 in
250 631 355 720 plano
371 654 442 698 non
457 632 605 716 habent,
626 633 706 720 quia
717 632 905 700 secundum
915 654 972 699 eos
980 635 1132 717 tangunt
1143 629 1181 694 in
1195 631 1335 715 puncto,

198 762 234 821 et
250 763 401 844 punctus
420 759 608 826 secundum
623 759 759 827 eosdem
780 759 877 826 nulla
891 781 973 846 pars
989 762 1050 823 est.
1066 745 1138 857 (72)
1154 750 1335 832 Quomodo

198 885 339 952 definite
355 888 577 974 quantitatis,
597 888 693 955 velut
714 887 970 972 mensurabilis,
987 882 1188 972 accipienda
1204 888 1257 948 est
1277 879 1340 945 illa

198 1013 290 1082 linea
299 1012 344 1081 ad
353 1015 524 1081 rationem
539 1037 762 1083 numerorum
772 1021 824 1100 (ut
833 1014 1170 1103 rythmogeometrae
1182 1009 1340 1093 faciunt),

154 1144 176 1210 ὅ
199 1163 278 1207 cum
300 1141 444 1209 eandem
468 1143 505 1208 in
527 1149 645 1230 partes
667 1164 767 1230 pares
790 1142 893 1208 liceat
922 1140 1076 1208 dividere
1109 1146 1144 1206 et
1159 1139 1340 1226 impares,

199 1269 302 1357 idque
324 1270 456 1358 pariter
478 1276 513 1337 et
536 1271 717 1359 impariter
735 1270 924 1338 secundum
942 1268 1213 1336 innumerabiles
1236 1267 1343 1335 ratio·

198 1397 280 1464 nes?
300 1398 353 1464 73.
373 1398 549 1478 Quomodo
568 1398 697 1464 lineam
716 1397 864 1465 infinitis
883 1398 1041 1488 partibus
1061 1402 1278 1464 constantem
1303 1394 1341 1459 in

199 1523 284 1591 duas
315 1531 432 1613 partes
465 1526 624 1612 aequales
651 1526 862 1595 divisibilem
885 1527 1022 1610 volunt,
1058 1546 1206 1611 quarum
1236 1522 1342 1588 etiam

198 1660 314 1741 partes
333 1653 404 1721 sint
421 1654 593 1740 infinitae,
619 1661 654 1721 et
677 1655 818 1722 interim
847 1678 911 1744 pro
941 1655 1089 1722 absurdo
1119 1652 1265 1737 habent,
1286 1674 1342 1718 au·

134 1778 179 1844 10
201 1780 368 1847 thoritate
386 1781 483 1848 ducti
496 1781 695 1850 Aristotelis
711 1783 957 1870 Anaxagoram
973 1779 1165 1868 arguentis,
1183 1802 1225 1846 cx
1243 1779 1342 1845 cuius
1421 1758 1425 1767 ⁵

198 1907 371 1995 positione
387 1909 570 1995 solquatur
588 1909 681 1995 quod
698 1909 837 1976 infinita
856 1909 984 1976 sintin
1003 1908 1144 1975 infinito
1167 1913 1202 1973 et
1224 1904 1340 1971 infini-
1366 1923 1390 1973 c
1409 1910 1460 1972 6‘

198 2034 287 2101 ties?
308 2035 360 2101 74.
379 2035 436 2101 An
455 2057 526 2102 non
543 2035 620 2101 istis
639 2035 734 2102 aliud
758 2036 1004 2102 inconveniens
1027 2033 1197 2119 oboritur,
1221 2037 1343 2119 utpote

200 2161 292 2247 quod
315 2160 406 2228 inter
429 2160 596 2228 terminos
619 2161 736 2228 finitos
764 2162 894 2229 lineam
924 2161 1144 2249 longitudine
1167 2159 1343 2227 infinitam

199 2288 302 2356 liceat
321 2288 501 2378 accipere?
521 2286 560 2355 Si
583 2288 711 2376 quippe
734 2288 883 2357 infinitis
906 2289 1065 2378 partibus
1089 2294 1228 2356 constat
1250 2287 1343 2352 linea

134 2411 177 2476 15
203 2415 280 2500 AB,
299 2416 343 2483 ab
367 2415 452 2504 ipsis
475 2415 582 2482 etiam
604 2416 922 2504 proportionalibus
945 2418 1001 2484 vel
1024 2415 1242 2503 aequalibus,
1265 2413 1346 2480 lica-

199 2542 253 2609 bit
276 2565 358 2631 ergo
381 2544 509 2611 sensim
539 2544 686 2611 helicem
715 2545 845 2612 lineam
875 2546 966 2613 circa
995 2545 1107 2634 ipsam
1131 2545 1345 2635 punctaliter

200 2668 280 2735 duci
303 2671 493 2738 certissime
516 2671 704 2756 infinitam,
732 2693 804 2739 non
830 2695 912 2758 una,
938 2672 997 2738 sed
1020 2670 1213 2738 innumeris
1237 2669 1342 2738 ratio-

200 2798 313 2866 nibus.
338 2797 455 2865 Filum
488 2799 616 2888 quippe
643 2822 713 2867 non
743 2806 796 2867 est
826 2800 966 2868 brevius
995 2799 1206 2889 implicitum
1238 2822 1342 2887 quam

201 2933 391 2994 extensum.
411 2928 464 2994 75.
483 2928 593 2994 Recta
612 2928 750 2994 infinita
768 2935 821 2994 est
840 2927 1003 3012 circulus,
1021 2927 1103 3014 quia
1120 2928 1253 2994 infiniti
1273 2928 1345 2994 (lia-

133 3056 177 3121 20
200 3052 303 3120 metri
330 3053 528 3142 peripheria
550 3061 613 3120 est.
645 3055 689 3120 In
711 3078 751 3121 ea
773 3055 987 3144 principium
1019 3078 1090 3123 non
1118 3063 1171 3122 est
1202 3054 1298 3121 aliud
1323 3078 1344 3120 a

200 3180 282 3264 fine,
302 3180 384 3266 quia
404 3188 457 3247 cst
475 3180 605 3267 ubique
628 3188 794 3248 centrum.
817 3183 869 3248 76.
888 3183 953 3249 Est
975 3204 1057 3270 ergo
1082 3190 1240 3249 centrum
1266 3182 1344 3247 infi-

200 3309 376 3393 nitun1,et
391 3308 441 3376 ibi
456 3309 547 3375 idem
561 3316 614 3376 est
633 3315 802 3396 centrum,
814 3310 982 3376 diameter
998 3318 1033 3376 et
1049 3311 1344 3396 circumferentia,

201 3437 277 3524 ipsa
311 3435 433 3503 itidem
469 3443 521 3503 est
551 3436 760 3523 triangulus,
795 3437 871 3525 ipsa
901 3446 953 3504 est
985 3439 1148 3525 circulus,
1181 3439 1257 3528 ipsa
1292 3445 1344 3506 est

201 3564 355 3650 sphaera.
377 3564 428 3629 77.
448 3561 536 3629 (lum
555 3563 683 3629 lineam
702 3562 845 3630 eandem
868 3563 906 3629 in
928 3571 1044 3653 partes
1068 3567 1228 3652 aequales
1252 3567 1345 3632 divi-

134 3700 177 3764 25
201 3689 281 3757 dere
303 3689 407 3757 liceat
429 3695 465 3756 et
488 3690 698 3776 inaequaleS,
723 3698 758 3756 et
781 3699 1030 3779 consequenter
1052 3701 1170 3781 partes
1194 3701 1276 3760 sunt
1301 3717 1344 3759 ex

202 3816 391 3885 constituto
410 3838 481 3883 non
499 3839 542 3881 ex
560 3839 596 3882 re
612 3816 702 3905 ipsa,
718 3817 912 3906 intelligam
931 3819 1060 3885 lineam
1083 3843 1154 3888 non
1177 3818 1341 3905 dividere,

201 3941 260 4008 sad
275 3941 385 4008 veluti
402 3940 550 4008 divisam
565 3943 729 4030 accipere.
750 3945 801 4009 78.
818 3944 938 4030 Neque
954 3946 1120 4012 terminos
1140 3968 1251 4031 neque
1267 3968 1346 4033 par·

200 4073 252 4135 tes
271 4066 402 4134 infiniti
421 4067 503 4134 licet
522 4069 690 4157 accipere3
711 4091 781 4135 non
798 4069 936 4155 quidem
952 4077 1082 4158 partes,
1103 4072 1271 4157 quianon
1290 4078 1343 4139 tot

200 4192 381 4281 terminos,
399 4216 469 4261 non
485 4194 590 4261 etiam
607 4194 785 4279 terminos,
803 4195 885 4282 quia
898 4219 969 4264 non
985 4205 1037 4265 tot
1052 4205 1187 4286 partes3
1204 4199 1345 4265 termini

655 4371 941 4380 ——-—--——
948 4374 991 4381 ...-
998 4375 1013 4381 ..
1024 4376 1035 4381 -
1045 4375 1049 4380 .
1059 4376 1279 4381 -—-..—.-
1288 4376 1299 4381 -

201 4461 217 4512 8
227 4460 422 4528 fidcfiuitaet
484 4463 789 4530 trithmogaometraa
852 4466 883 4516 17
900 4466 1071 4518 innumeris
1133 4467 1165 4515 ¹29
1181 4474 1226 4518 tot
1239 4474 1338 4535 portet
