3428 5138
640 444 779 488 IORDANI
799 442 900 487 Buvm
921 440 966 485 DE
986 438 1121 500 mimus),
1143 434 1187 481 1v.

593 684 653 732 Quld
675 687 795 735 rectum,
817 683 946 734 plenum,
968 691 1072 731 curvum,
1096 688 1231 719 convexum.

340 843 510 908 Rectum
529 842 621 906 inter
638 840 795 927 geminos
814 837 1052 924 quodcumque
1068 843 1120 901 est
1138 834 1305 922 perbreve
1323 833 1424 917 lineo,
1457 860 1485 899 rs

342 957 513 1024 Planum
532 957 624 1043 quod
642 956 745 1022 rectis
764 955 904 1021 finitum
923 960 976 1020 est
995 951 1148 1038 undique
1168 949 1287 1037 signis.

512 1161 571 1208 Quid
592 1159 737 1211 parallelo
759 1163 833 1211 recta,
856 1157 985 1207 circularis,
1007 1156 1080 1208 ortis,
1102 1159 1126 1196 et
1146 1154 1217 1207 plana
1234 1152 1317 1205 paren.

297 1317 318 1381 5
343 1317 437 1395 Quae
455 1338 567 1401 neque
587 1314 761 1381 concurrit
779 1334 890 1398 neque
908 1319 987 1399 post
1006 1316 1226 1376 concurreret
1246 1314 1360 1392 aucte,

342 1432 428 1497 Dico
448 1431 709 1514 Purallelem‚
735 1453 755 1496 a
774 1435 892 1495 cent-ro
911 1427 1109 1515 pariterque
1128 1432 1306 1492 remotam.

659 1632 718 1681 Quid
740 1630 862 1681 ungulus
885 1630 1012 1680 punctuclle
1034 1634 1056 1670 et
1078 1629 1178 1670 ltnenllc.

342 1785 402 1850 An
409 1786 528 1870 gulus
549 1791 600 1850 est
620 1784 729 1850 coitus
748 1784 886 1849 filorum
904 1783 959 1849 vel
979 1782 1145 1848 facierum

343 1901 504 1988 Corporis
524 1907 584 1966 uut
603 1900 712 1987 plani,
732 1905 773 1965 nt
791 1907 873 1964 sunt
891 1898 1059 1964 inclinate
1077 1896 1242 1963 vicissim.

277 2074 319 2137 10
551 2099 611 2147 Quid
632 2100 754 2150 angulus
776 2102 884 2149 rectus,
907 2099 986 2139 ltneu
1007 2098 1211 2149 perpendicul.
1233 2101 1277 2138 ete.

344 2256 531 2342 Angulus
555 2263 607 2321 est
630 2262 765 2323 rectus
790 2255 818 2322 si
836 2278 941 2343 supro
960 2255 1177 2321 consimilare

345 2372 498 2439 Culmum
516 2370 571 2437 uel
590 2373 731 2459 plenum
752 2371 917 2438 iniectum
936 2370 1158 2458 suspenditur
1177 2392 1293 2456 oeque.

674 2571 734 2619 Quid
756 2572 851 2621 ungulus
873 2571 991 2611 obtusus
1014 2575 1035 2610 et
1058 2575 1165 2611 acutus.

342 2726 424 2812 Hic,
447 2749 546 2811 quem
565 2725 742 2792 declinans
760 2725 889 2810 linquit
907 2724 1217 2812 perpendicularis,

279 2850 319 2912 lo
343 2843 481 2908 Dicitur
505 2843 692 2925 obtusue;
715 2841 837 2927 cuique
856 2840 1059 2925 inclinetur,
1079 2847 1235 2906 ocutus

825 3045 885 3093 Quid
906 3046 1011 3095 figure.

344 3199 418 3264 Aut
437 3220 542 3264 curvo
562 3204 623 3263 aut
640 3197 825 3285 plusquam
843 3196 992 3283 geminis
1012 3198 1200 3285 spectabile
1218 3198 1336 3282 rectis,

344 3314 507 3402 Corporis
527 3322 587 3380 aut
606 3315 703 3401 plani
723 3314 937 3401 comprensio
957 3322 1050 3381 certa
1074 3314 1212 3402 figura
1235 3324 1297 3381 est.

827 3513 886 3560 Qum
907 3524 1015 3563 gnomo.

278 3670 323 3733 ⁶20
346 3656 421 3734 Quo
441 3655 574 3722 adiecto
593 3656 630 3723 iu
650 3656 798 3722 similem
817 3656 964 3725 sormam
984 3667 1036 3727 est
1055 3667 1200 3727 exaucto
1218 3659 1346 3747 figura,

346 3775 420 3839 Aut
439 3774 579 3860 dempto
599 3779 650 3839 cst·
669 3773 802 3860 eadem,
822 3797 967 3861 gnomo
990 3777 1186 3863 generalius
1206 3783 1289 3843 esto.

812 3976 871 4025 Quid
893 3977 1026 4018 clrculrm.

347 4122 536 4189 Circulus
560 4129 611 4188 est
630 4123 789 4210 plenum,
810 4124 907 4189 cuius
926 4146 985 4190 ore
1004 4122 1158 4209 undique
1177 4122 1349 4209 nilaequut

347 4238 378 4302 Λ
399 4245 517 4303 centro
537 4237 652 4302 rmlios
671 4259 734 4325 per
754 4245 909 4303 centrum
929 4238 1158 4305 dimetientes,

442 4448 472 4496 12
489 4450 615 4495 iuectum
680 4446 719 4495 17.
730 4447 761 4494 is
777 4445 865 4496 rectis
881 4447 1030 4513 Corporis,
