3428 5138
375 422 436 479 210
675 432 815 479 reanum
835 431 936 476 nsvin
958 432 1002 476 nn
1022 431 1159 492 minimo,
1181 432 1216 476 11.

375 597 463 651 zonte
481 608 535 650 seu
554 587 805 666 semisphaerioo,
824 586 904 647 undo
917 587 1017 647 cultus
1029 594 1225 664 attentusque
1242 586 1379 665 magicos
1391 586 1464 649 fiori
1484 589 1532 649 in·

374 709 522 787 venimus,
535 709 586 788 qui
599 708 638 769 ad
650 709 772 784 longius
783 709 937 783 absentes,
952 706 1044 766 etiam
1056 703 1229 783 defunctos,
1243 713 1275 766 ot
1285 726 1303 765 a
1314 714 1461 769 recenter
1474 706 1531 769 de

375 834 498 911 functis,
516 852 644 912 quorum
661 831 781 892 scilicet
794 852 855 892 non
870 831 985 892 fuerint
999 831 1169 892 incinerata
1183 832 1342 909 cadavera,
1355 832 1530 894 demanant

377 950 634 1031 (quandoquidem
660 949 761 1009 anima
782 948 893 1024 ubique
914 968 1000 1008 suam
1021 949 1159 1026 corporis
1180 949 1321 1027 agnoscit
1341 949 1525 1027 materiam,

332 1064 352 1126 ὗ
375 1066 456 1142 quod
473 1066 666 1145 apertissime
683 1067 715 1125 in
732 1067 810 1126 libro
833 1067 885 1126 De
908 1066 1063 1144 physica
1091 1065 1210 1143 magia
1231 1065 1435 1145 aperiemus);
1457 1073 1526 1127 tum

375 1193 445 1244 actu
456 1184 587 1261 quodam
600 1184 697 1261 magis
712 1185 836 1263 proprio
853 1204 911 1260 quo
929 1184 1060 1244 vivimus
1074 1183 1105 1243 in
1120 1184 1178 1244 hoo
1190 1185 1366 1262 organizato
1381 1203 1524 1263 corpore,

376 1302 416 1361 ad
432 1322 488 1362 nos
505 1302 590 1380 ipsos
607 1300 690 1361 illius
709 1301 848 1377 quamvis
863 1302 971 1361 avulsa
987 1312 1075 1380 parte
1086 1303 1260 1380 pertinente
1276 1310 1309 1362 et
1324 1303 1381 1363 aab
1396 1309 1525 1364 nostrae

375 1424 494 1482 animae
512 1421 717 1482 moderamine
736 1420 916 1498 constituta,
937 1422 1016 1482 siout
1034 1429 1081 1482 est
1098 1419 1294 1482 manifestum
1310 1442 1347 1482 ex
1363 1422 1422 1482 hoo
1438 1420 1524 1498 quod

376 1543 414 1602 de
441 1540 717 1619 superfluitatibus,
737 1540 953 1618 excrementiS,
983 1540 1135 1617 unguibus
1160 1548 1252 1618 atque
1283 1539 1406 1619 capillis
1427 1542 1524 1601 scele-

313 1660 355 1723 lO
376 1658 439 1720 roei
457 1657 586 1717 malefici
605 1656 744 1716 decretas
759 1655 882 1733 corpori
897 1654 1075 1716 inferuntet
1086 1657 1186 1716 animo
1204 1657 1371 1734 laesiones,
1391 1657 1522 1719 maxime

378 1794 450 1836 vero
470 1794 507 1833 ex
524 1774 581 1834 hoc
598 1772 680 1849 quod
694 1770 839 1832 defuncto
857 1791 892 1832 eo
912 1771 996 1833 ouius
1014 1780 1175 1845 emicare,
1195 1793 1288 1833 nasus
1305 1773 1357 1850 qui
1375 1773 1466 1833 alteri
1483 1774 1523 1835 de

377 1891 432 1952 tali
456 1910 547 1950 carne
568 1888 671 1949 fuerat
692 1886 872 1949 efformatus
890 1886 1121 1967 computrescit3
1144 1895 1208 1949 tum
1230 1889 1351 1949 ‹lemum
1378 1898 1450 1948 actu
1466 1889 1544 1950 illn'

379 2006 590 2087 propriissime
619 2006 705 2065 iuxta
734 2025 801 2065 eam
829 2005 1034 2065 condit-ionem
1056 2026 1115 2082 qua
1137 2008 1175 2065 ab
1197 2026 1311 2068 oooano
1329 2006 1522 2068 substantiae

379 2123 548 2204 spiritualis
565 2143 620 2202 per
638 2122 739 2183 cordis
757 2130 890 2209 portam,
909 2130 940 2182 ot
957 2122 996 2182 ad
1018 2123 1147 2184 eundem
1165 2144 1310 2185 oceanum
1321 2144 1377 2202 per
1394 2123 1523 2185 eandem

315 2246 356 2308 14¹>
381 2250 501 2320 portam
522 2240 710 2318 ingredimur
732 2248 763 2301 et
793 2239 967 2318 egredimur
991 2239 1092 2299 animi.
1116 2240 1173 2301 Est
1196 2240 1308 2302 deinde
1331 2260 1424 2320 super
1443 2241 1524 2302 hano

379 2358 589 2420 substantialis
604 2366 713 2417 natura
729 2357 887 2417 individua
905 2358 1014 2434 anima,
1031 2377 1108 2434 quae
1126 2365 1174 2417 est
1186 2357 1217 2416 in
1228 2356 1387 2418 horizonte
1404 2358 1522 2435 maiori,

379 2485 412 2536 ut
430 2476 529 2534 anima
545 2474 665 2532 telluris
687 2473 717 2531 in
741 2473 858 2551 synodo
887 2494 1010 2551 magun,
1040 2493 1117 2550 quae
1144 2474 1232 2533 nobie
1259 2473 1394 2533 secunda
1419 2474 1523 2534 mundi

379 2591 498 2668 spaeoies
515 2589 660 2663 lralretur3
681 2589 820 2666 superior
832 2597 880 2648 est
892 2588 991 2649 anima
1007 2588 1117 2668 synodi
1134 2589 1238 2666 totius,
1257 2609 1335 2666 quae
1353 2589 1447 2650 estin
1460 2590 1525 2649 uni·

380 2732 483 2789 vers03
501 2731 644 2791 suprema
661 2719 710 2772 est
727 2712 845 2773 animus
866 2712 1035 2771 animorum
1057 2711 1155 2789 Deua,
1178 2712 1306 2790 spiritus
1327 2731 1405 2772 unus
1424 2712 1524 2773 omnia

313 2832 358 2894 20
379 2832 503 2910 replens
531 2838 627 2908 totus,
657 2829 815 2890 ordinator
843 2849 936 2908 supra
963 2838 994 2889 et
1015 2837 1102 2889 extra
1130 2849 1251 2889 omnem
1276 2829 1430 2908 ordinem,
1451 2828 1523 2890 ideo

381 2949 595 3028 superomnia
621 2947 864 3023 magnificandus
894 2947 1019 3008 deorum
1051 2948 1178 3008 uocibus
1206 2955 1239 3008 et
1266 2947 1423 3026 encomiis,
1446 2946 1524 3007 nulli

381 3066 515 3140 deorum,
534 3065 712 3125 mundorum
730 3066 937 3126 animorumve
958 3066 1162 3145 nominabilis,
1180 3066 1322 3141 effabilis,
1341 3066 1526 3147 comprensi-

381 3182 465 3260 bilis,
499 3202 517 3241 a
545 3183 670 3261 propria
700 3189 817 3241 tantum
851 3182 939 3242 unica
966 3183 1253 3262 simplicissimaque
1280 3184 1432 3246 infinitate
1463 3205 1524 3246 non

383 3301 626 3380 comprensibilis
643 3301 779 3377 inquam,
797 3300 852 3360 sed
872 3302 1089 3378 exaequabilis.

315 3419 358 3480 ’ὲὺ
461 3417 658 3478 ἻΡτίναῖίνο
687 3424 790 3477 autom
818 3426 921 3478 atoma
948 3427 1057 3480 natura
1080 3423 1184 3500 (quam
1201 3439 1261 3480 non
1279 3421 1433 3500 privative
1455 3420 1524 3482 <lico

382 3536 468 3612 qnasi
495 3542 595 3595 notum
623 3535 783 3595 divisionis
809 3536 947 3614 recipere
972 3545 1142 3615 potentem,
1166 3557 1233 3597 oum
1261 3538 1303 3597 sit
1329 3547 1444 3618 atoma,
1469 3538 1537 3600 sed·

383 3661 534 3728 tamquam
547 3651 611 3710 eius
626 3650 808 3730 principium
822 3660 913 3727 atque
928 3653 1131 3713 substantiam
1146 3653 1374 3730 magnitudinis,
1388 3675 1526 3732 cumque

382 3777 431 3828 ost
449 3768 585 3828 eiusdem
605 3768 728 3844 generis
743 3767 918 3844 reductive,
936 3779 968 3830 et
984 3770 1184 3849 distinguitur
1202 3770 1240 3830 ab
1259 3781 1360 3831 atomo
1378 3774 1526 3849 negative

383 3887 477 3964 (licto,
502 3886 581 3962 quod
604 3906 701 3963 neque
729 3887 895 3947 secundum
922 3908 1031 3966 genus,
1061 3908 1158 3965 neque
1183 3888 1351 3950 secundum
1374 3890 1523 3970 speciem,

317 4006 361 4069 30
383 4024 479 4079 neqno
491 4023 546 4080 por
558 4023 600 4080 so,
616 4022 713 4079 noque
728 4023 784 4082 per
800 4003 942 4065 accidens
960 4012 1008 4065 est
1019 4003 1187 4080 dividuum3
1207 4025 1266 4065 non
1285 4005 1364 4065 onim
1377 4004 1526 4067 dividitur

383 4121 462 4197 ipsa,
482 4119 536 4178 sed
555 4119 585 4178 in
600 4119 698 4198 ipsam
716 4128 869 4196 tamquam
886 4119 1020 4180 coritiani
1038 4119 1166 4199 primam
1188 4128 1280 4197 atque
1304 4121 1525 4199 homogenoam

385 4243 503 4314 partem
524 4236 559 4294 fit
581 4235 707 4311 divisio)
732 4246 780 4296 est
804 4235 930 4315 duplex,
954 4245 986 4297 ot
1012 4236 1131 4298 scilicet
1156 4237 1255 4317 primo
1274 4237 1399 4299 discreti
1427 4240 1525 4317 prima

477 4453 507 4502 13
523 4452 568 4521 aa]
585 4454 621 4503 ou
