3428 5138
375 380 394 437 8
823 390 962 435 rounam
982 389 1085 435 savar

374 572 593 639 multitudini
617 569 761 658 praesit,
785 569 926 655 ingenio
957 569 1062 634 otiam
1081 575 1116 636 et
1139 569 1268 636 iudicio
1291 571 1429 658 praeire
1451 594 1522 638 non

374 705 579 767 contemnet.
599 697 787 763 Hernicum
816 696 909 761 enim
940 701 992 761 est
1020 702 1125 782 atque
1154 694 1289 763 felicius
1314 719 1432 765 eorum
1450 720 1522 764 non

373 828 447 894 sine
471 825 705 893 efficacissima
724 824 859 890 ratione
882 830 986 910 atque
1008 823 1139 890 virtute
1162 845 1324 910 spernere
1346 846 1446 911 posse
1465 847 1523 890 au·

373 954 588 1035 thoritatem,
609 972 694 1036 quos
711 949 841 1034 absque
859 948 1016 1035 legitimo
1035 971 1136 1015 sensu
1160 955 1264 1034 atque
1282 948 1417 1015 ratione
1435 950 1522 1015 mul-

329 1077 350 1140 5
373 1078 487 1144 titudo
504 1076 640 1161 (servile
659 1081 694 1141 et
714 1074 928 1141 ordinarium
946 1079 1063 1160 pecus)
1083 1072 1227 1160 suspicit
1255 1079 1291 1139 et
1318 1072 1520 1140 admiratur.

374 1203 420 1267 Et
443 1202 479 1267 id
502 1208 594 1268 certe
617 1199 672 1268 vel
696 1200 846 1266 maxime
869 1199 967 1265 decet
985 1205 1104 1266 tantae
1126 1199 1252 1265 indolis
1272 1206 1306 1265 et
1329 1199 1521 1268 maiestatis

373 1335 508 1394 vestrae
532 1326 724 1412 ingenium,
759 1324 929 1410 siquidem
960 1347 1031 1391 non
1059 1347 1240 1413 perperam
1267 1347 1287 1391 a
1318 1325 1451 1413 superis
1481 1349 1520 1393 eo

374 1453 476 1520 debet
495 1476 567 1519 esse
587 1452 715 1518 donata
735 1451 874 1539 spiritu,
894 1456 934 1516 ut
953 1451 1067 1534 (mitto
1081 1449 1162 1535 alia)
1179 1451 1221 1516 de
1236 1450 1433 1518 huiusmodi
1453 1474 1523 1518 ma

374 1577 570 1645 thematicis
598 1577 738 1660 studiis,
769 1575 1010 1642 instrumentis
1033 1582 1068 1641 et
1098 1576 1259 1664 operibus
1287 1576 1357 1642 iam
1381 1576 1441 1643 diu
1464 1579 1523 1644 ab·

310 1702 351 1765 10
375 1705 455 1770 hino
475 1727 552 1771 cum
575 1702 812 1769 disertissimis
836 1701 1014 1785 disserere,
1039 1725 1117 1768 cum
1141 1701 1415 1769 iudiciosissimis
1433 1702 1522 1769 iudi·

374 1853 451 1896 care
473 1836 507 1896 et
528 1852 606 1896 cum
630 1827 871 1894 inventoribus
888 1827 1045 1893 inveniro
1061 1827 1290 1912 consueverit,
1308 1834 1348 1893 ut
1364 1827 1522 1916 plerique

374 1955 478 2021 exiis
497 1979 517 2021 a
536 1952 729 2022 Maiestatis
748 1954 785 2018 Τ.
807 1953 843 2019 Ο.
873 1952 1052 2039 colloquiis
1072 1955 1181 2020 multo
1205 1954 1284 2042 plus
1307 1954 1450 2022 luminis
1472 1979 1524 2021 re-

374 2083 548 2170 portarint
579 2103 682 2168 quam
711 2080 923 2148 advexerint.
954 2080 1054 2159 Quod
1084 2080 1194 2166 igitur
1222 2080 1266 2146 ad
1297 2074 1352 2146 ine
1381 2081 1522 2147 tandem

375 2209 514 2292 attinet,
534 2208 648 2296 primo
667 2229 738 2274 non
758 2229 833 2273 eam
851 2212 1045 2294 praetereat
1064 2211 1149 2290 (oro)
1173 2206 1390 2273 considerare
1417 2229 1522 2291 quam

310 2333 350 2398 15
374 2357 393 2399 a
413 2335 646 2417 bonoamico,
667 2333 821 2400 studioso
845 2339 880 2399 et
903 2332 1108 2418 obsequenti
1131 2332 1247 2399 animo
1275 2332 1339 2398 hae
1363 2332 1415 2398 illi
1439 2332 1522 2399 offe-

374 2468 496 2527 rantur
515 2461 805 2545 elucubrationes,
818 2460 919 2545 unde,
934 2462 1187 2546 qualescunque
1201 2461 1205 2544 1
1219 2461 1314 2549 ipsae
1333 2462 1417 2546 sint,
1433 2484 1452 2526 a
1468 2461 1521 2528 di·
1544 2479 1576 2528 a
1592 2466 1643 2529 6ν

372 2585 521 2652 vinitato
540 2587 674 2672 ingenii
704 2587 757 2652 tui
784 2593 959 2671 nequeant
989 2586 1059 2653 nisi
1081 2586 1270 2673 gratiorem
1293 2587 1360 2654 sibi
1384 2587 1521 2654 vultum

373 2713 537 2800 polliceri.
559 2713 715 2780 Secundo
735 2712 1009 2780 animadvertero
1033 2714 1320 2798 quemadmodum
1344 2716 1428 2782 haec
1450 2737 1522 2781 non

373 2839 489 2904 oblata
509 2839 658 2905 veniunt
683 2845 850 2926 tanquam
870 2839 1074 2926 dignissima
1093 2862 1181 2925 quae
1200 2863 1220 2905 a
1242 2840 1288 2906 M.
1308 2841 1347 2906 Τ.
1371 2840 1522 2906 debeant

306 2965 350 3029 20
372 2965 557 3051 acceptari,
590 2965 648 3030 sed
679 2971 847 3050 tanquam
878 2965 1009 3052 optima
1038 2988 1126 3052 quae
1155 2965 1223 3053 ipsi
1250 2966 1314 3033 hoc
1346 2965 1520 3054 principio

373 3091 520 3178 proponi
540 3091 688 3177 possiut3
709 3091 842 3176 reliqua
861 3090 954 3156 enim
972 3113 1016 3156 ne
1035 3097 1171 3157 tentare
1191 3092 1330 3177 quidem
1347 3114 1521 3158 accessum

373 3222 537 3302 poterunt
558 3222 619 3281 aut
638 3215 826 3299 debebunt,
845 3216 914 3281 nisi
933 3217 1129 3303 praesentia
1147 3240 1210 3305 pro
1234 3240 1350 3284 rerum
1375 3216 1521 3304 disposi-

374 3341 468 3407 tione
482 3341 611 3407 clivum
627 3341 848 3407 interiectum
861 3342 957 3428 prius
970 3343 1175 3431 superarint.
1188 3344 1306 3411 Tertio
1318 3367 1520 3433 persuasum

373 3468 498 3535 habere
522 3469 613 3555 quod
637 3470 666 3535 si
690 3469 781 3536 huno
805 3469 957 3556 primum
975 3469 1181 3537 SOPHIAE
1200 3472 1419 3539 tabellarium
1445 3471 1520 3557 (qui

307 3598 350 3661 ⁸25
373 3596 476 3661 cortis
504 3595 850 3684 praescriptionibus
875 3596 1189 3684 subscriptionibus
1213 3604 1248 3662 et
1277 3597 1402 3684 sigillis
1431 3620 1521 3663 com·

371 3722 591 3807 probabitur)
603 3744 673 3787 non
684 3722 827 3808 indigno
846 3722 906 3789 illa
926 3730 1109 3811 exceptum
1127 3722 1268 3806 viderit,
1282 3723 1442 3808 reliquos,
1461 3723 1522 3808 qui

372 3854 410 3912 ut
428 3847 548 3914 ordine
565 3855 647 3914 sunt
662 3849 883 3934 posteriores,
903 3849 953 3915 ita
970 3850 1061 3936 (plus
1074 3870 1178 3935 quam
1194 3846 1284 3913 forte
1301 3847 1431 3934 sperari
1447 3870 1523 3935 pos-

374 3973 432 4057 sit)
453 3982 626 4039 momento
645 3980 766 4040 extant
789 3983 823 4040 et
842 3975 1026 4041 nobilitate
1044 3974 1192 4063 priores,
1210 3972 1347 4039 mittere
1366 3996 1436 4038 non
1456 3982 1523 4038 tro-

374 4098 520 4186 pidabit.
539 4099 638 4184 Vale,
660 4099 784 4166 Caesar
803 4101 942 4188 optime.
962 4098 1098 4166 VALE.

469 4295 499 4344 19
517 4302 632 4361 tamquo
696 4296 727 4345 25
745 4295 859 4361 sygillis
