3428 5138
254 356 311 416 180
562 371 700 417 [ennom
721 372 823 418 suuni
844 373 889 418 un
908 373 1044 434 mnino,
1068 373 1089 417 1.

672 635 800 679 CAMPVS
821 635 982 680 LEVCIPPI.

679 1948 833 2014 CAPVT
872 1948 974 2013 XIII.

451 2120 570 2161 Minimum
584 2122 608 2162 et
621 2121 732 2162 terminus
746 2131 792 2160 non
805 2122 858 2159 nunt
871 2120 895 2159 tn
910 2119 990 2159 eodem
1004 2128 1088 2168 genere
1102 2121 1196 2168 quantu.

344 2345 423 2409 Non
440 2348 610 2428 quantum
629 2349 681 2405 est
700 2340 821 2424 ullum,
842 2338 901 2404 sed
920 2338 1043 2427 quanti
1063 2345 1115 2404 est
1133 2337 1302 2404 terminus
1322 2359 1396 2420 oro3

211 2463 232 2525 ὅ
255 2461 348 2526 Hine
365 2459 469 2524 huius
488 2458 623 2544 generis
642 2457 739 2523 nullu
757 2461 809 2521 est
828 2456 996 2521 dimensio
1014 2462 1182 2544 punctus,

257 2576 305 2640 At
324 2598 405 2642 vero
425 2574 608 2640 minimum
626 2573 739 2661 prims
758 2578 811 2638 est
829 2572 998 2638 dimensio
1017 2572 1113 2658 longi

256 2692 303 2756 Et
321 2691 398 2774 lati,
419 2712 572 2756 necnon
591 2690 694 2756 simul
713 2696 764 2755 est
782 2688 866 2755 haee
885 2696 1032 2775 utraque
1051 2696 1178 2772 totum,

256 2807 555 2894 Principiumque‚
576 2830 596 2871 a
615 2829 682 2892 quo
702 2813 736 2871 et
755 2805 847 2871 unde
866 2811 918 2872 est
936 2805 1118 2890 dimensi0,
1134 2809 1275 2871 tantum
1294 2812 1346 2870 est
1389 2832 1402 2873 s

257 2923 451 2988 Terminus
470 2923 519 2987 At
537 2923 721 2988 minimum
740 2929 792 2988 est
810 2945 852 2987 ex
872 2944 941 3008 quo
960 2922 1128 2988 dimensio
1148 2928 1298 3008 constat,

192 3043 234 3105 10
257 3037 365 3103 Cuius
383 3060 464 3125 pars
482 3037 596 3125 prima
615 3046 667 3103 est
685 3061 780 3123 vere,
799 3039 896 3106 velut
915 3045 950 3105 ot
968 3040 1104 3106 numeri
1123 3062 1242 3106 unum.

256 3153 420 3239 Undique
439 3176 680 3241 comprensum
698 3154 842 3242 planum
862 3154 930 3220 duo
949 3155 1096 3243 suscipit
1114 3177 1224 3242 sequa

256 3269 313 3335 Ad
332 3269 498 3355 medium,
518 3277 553 3335 et
571 3270 682 3335 lutum
701 3278 735 3335 et
754 3271 899 3358 longum
918 3293 989 3338 non
1007 3271 1144 3338 differet
1163 3272 1237 3356 illi,

259 3385 327 3450 Sed
344 3385 509 3472 sphaerae
528 3409 546 3450 e
565 3392 683 3451 centro
702 3387 858 3471 longum,
870 3386 981 3453 latum
997 3393 1102 3474 atque
1114 3385 1345 3475 profundum,
1374 3415 1399 3454 m

257 3504 470 3568 Consentiae
488 3507 529 3567 ut
543 3507 673 3588 portem,
691 3502 875 3567 minimum
893 3502 1092 3569 referuntur
1110 3502 1154 3567 ad
1173 3525 1292 3568 unum.

194 3620 234 3684 15
257 3620 445 3684 Planorum
465 3618 597 3704 cycluS,
617 3617 804 3683 solidorum
823 3623 876 3683 est
894 3618 1045 3683 maxima
1063 3616 1221 3705 sphaera,

257 3735 406 3799 Planum
425 3733 602 3799 infinitum
621 3733 691 3817 hic,
710 3754 904 3820 corpusque
922 3732 1006 3798 haec
1024 3737 1077 3797 est
1095 3731 1170 3797 sine
1189 3733 1270 3815 fine.;

258 3850 422 3936 Undique
441 3850 509 3915 erit
527 3849 591 3915 teli
611 3855 695 3914 tuno
714 3849 871 3936 praedita
890 3847 1089 3914 conditione

258 3966 393 4031 Natura
412 3965 570 4031 immensi
589 3988 661 4030 non
684 3966 755 4032 ullo
774 3963 932 4050 margine
951 3965 1082 4049 clausu,

261 4081 361 4158 Quali
381 4081 520 4146 finitum
539 4087 592 4146 est
609 4087 740 4168 puncto
759 4080 930 4145 duntaxat
946 4079 990 4145 ab
1009 4100 1095 4164 une,

192 4204 236 4266 20
258 4198 419 4280 Aequum
439 4197 617 4283 cognoscit
632 4198 792 4283 longum,
811 4196 922 4262 latum
941 4201 1046 4282 atque
1064 4194 1299 4283 profundum3

955 4335 1105 4343 —..---.-
1121 4338 1129 4342 -
1146 4336 1248 4342 ..--....-
1274 4337 1277 4341 .
1302 4336 1391 4345 .-

352 4395 382 4444 lo
398 4394 518 4461 sphaera
532 4411 548 4446 o
562 4406 661 4447 centro
