3428 5138
535 452 852 501 CONTEMPLATIONES
872 453 917 498 EX
937 453 1070 500 mutuo

228 612 354 678 Rarior
373 611 534 696 efficitur,
552 634 695 697 surgens
715 611 804 676 faeie
823 610 929 698 inque
946 612 1157 699 profundum

229 728 440 815 Compressa.
460 729 513 794 Ex
532 750 608 794 0010
628 726 781 793 eonfusis
798 727 958 814 partibus
975 751 1084 814 aeque
1350 757 1377 796 a

230 845 313 909 Esse
332 850 446 931 potest
468 843 688 929 triquetrum,
710 843 891 929 quadrum,
908 843 1033 929 globus
1052 851 1087 911 et
1105 852 1186 933 pote
1206 844 1376 932 quidquid

229 960 380 1026 Confusa
399 960 533 1025 ratione
552 959 686 1043 datum,
706 981 777 1024 non
796 967 871 1024 arte
889 967 1075 1048 repertum.

186 1074 206 1135 ἱ)
229 1077 354 1142 Verius
370 1077 407 1140 in
426 1075 529 1161 plano
549 1074 642 1140 valet
660 1074 754 1140 istud
773 1075 916 1142 metrica
932 1098 1054 1142 001010

231 1192 401 1274 Pandere,
421 1199 457 1256 et
475 1213 629 1258 errorum
645 1191 720 1257 sina
739 1190 947 1279 suspicione,
967 1192 1134 1278 venitque

231 1308 394 1374 Partibus
418 1331 436 1373 e
456 1307 589 1372 eunetis
607 1308 711 1394 plane
729 1307 999 1395 inspiciendum,
1019 1308 1081 1374 ubi
1098 1308 1208 1396 possit
1351 1337 1378 1376 ao

232 1423 458 1511 Compaetum
476 1431 590 1490 totum
605 1423 806 1510 pariterque
825 1431 861 1489 et
880 1425 1034 1510 undique
1053 1425 1160 1508 eerni;

231 1539 332 1617 Quod
347 1539 469 1624 nequit
488 1541 526 1604 in
545 1561 666 1627 eampo
681 1540 892 1626 glomeratae
912 1540 1079 1606 materiei.

166 1653 209 1716 10
231 1656 278 1720 Et
294 1655 402 1721 veluti
421 1655 563 1721 10101010
580 1655 703 1741 nequit
721 1655 967 1743 sphaerulaque
986 1656 1096 1722 tantis

232 1773 347 1857 Atque
364 1778 418 1837 tot
437 1794 509 1837 esse
528 1772 650 1855 tornis,
669 1777 788 1860 pateat
804 1794 908 1857 quam
924 1794 1081 1858 quaeque
1099 1773 1212 1859 figura

232 1888 344 1954 Certis
365 1889 531 1955 consistat
549 1888 716 1972 numeris,
738 1897 831 1954 00110
850 1888 971 1954 ordine
987 1895 1127 1954 creseat.
1352 1916 1379 1954 aa

232 2004 322 2069 Nam
338 2004 583 2090 queiseumque
602 2003 704 2070 datur
722 2004 933 2090 triquetrum
952 2004 1019 2070 tibi
1037 2003 1197 2092 partibus
1214 2011 1354 2069 anetum

231 2120 306 2186 Hoe
326 2120 433 2203 latas,
453 2127 492 2184 ut
512 2127 650 2185 maneat
670 2119 800 2206 speeies
815 2119 901 2186 haee
920 2142 1007 2205 quae
1026 2127 1107 2185 ante
1126 2120 1304 2204 manabat,

173 2235 212 2297 lr')
236 2235 300 2300 Est
315 2258 438 2322 operae
456 2242 495 2300 ut
515 2241 670 2301 crescant
688 2235 819 2322 pariter
837 2236 946 2301 latera
966 2236 1096 2320 omnia,
1117 2235 1277 2322 idemque

233 2353 275 2416 ln
295 2351 437 2437 reliquis
457 2351 590 2417 eunetis
609 2351 811 2417 lateralibus
827 2374 900 2417 esse
919 2351 1088 2435 videmus;

235 2468 520 2554 Quandoquidem
539 2467 641 2533 series
661 2467 780 2535 eadem
799 2475 860 2552 est,
877 2491 1000 2555 nempe
1020 2468 1152 2556 impare
1167 2474 1326 2534 creseunt
1354 2498 1380 2534 10

233 2587 405 2672 Perpetuo
425 2607 580 2669 numero,
601 2584 712 2651 forma
732 2591 771 2651 ut
790 2592 971 2651 serventur
990 2585 1027 2651 in
1045 2608 1124 2650 una.

233 2703 391 2770 Circulos
410 2727 428 2768 e
448 2711 566 2770 eontra
582 2703 725 2790 paribus
745 2703 936 2789 consurgit,
955 2709 991 2768 et
1009 2702 1101 2768 idem
1401 2723 1442 2786 p.
1457 2708 1527 2772 79

167 2812 211 2875 20
235 2820 430 2906 imparibus
450 2827 606 2886 const-are
625 2819 729 2884 tomis
746 2819 866 2902 (veluti
885 2817 1044 2884 laterales

233 2936 377 3001 Alterne
396 2936 530 3001 numeri
548 2935 748 3001 discrimina
767 2934 904 3018 habere)
923 2934 1071 3000 videtur.

234 3052 305 3117 Neo
325 3059 358 3117 te
377 3058 570 3139 praetereat
588 3053 675 3118 bene
694 3074 797 3138 quam
816 3074 879 3138 pro
898 3072 1071 3137 gnomone
1089 3050 1198 3140 possis
1353 3079 1379 3118 11

234 3167 445 3234 Continuam
464 3167 598 3233 variare
617 3168 694 3233 aliis
712 3167 879 3252 finireque
896 3167 1014 3253 costis,

235 3285 283 3350 Ut
302 3285 416 3371 potuit
436 3284 526 3350 tauri
546 3284 670 3372 pellem
688 3305 750 3370 per
769 3283 879 3348 millia
899 3287 1039 3370 passum

168 3401 211 3460 aa
234 3400 388 3465 Tendere
407 3401 553 3467 concisis
572 3400 639 3466 filis
659 3399 882 3484 Carthaginis
900 3399 993 3465 altae

235 3516 441 3599 Fundatrix,
463 3515 570 3581 animi
591 3523 765 3601 quantum
785 3516 957 3581 sententia
976 3515 1091 3600 iussit,

236 3634 280 3696 Et
301 3632 797 3717 011111001010101111100000111ιο
817 3631 932 3698 oblat-a
952 3632 1076 3718 figura)

235 3749 277 3812 ln
297 3749 504 3834 triquetram
522 3747 623 3813 facile
643 3749 809 3834 invertas,
831 3771 993 3814 numerus
1012 3750 1159 3814 laterum
1179 3747 1207 3813 si

236 3866 406 3930 Continuo
427 3865 462 3929 in
481 3865 623 3949 longrnn
644 3887 760 3930 versus
781 3864 983 3951 migraverit
1001 3886 1123 3948 unum,

169 3986 213 4045 3111
236 3984 352 4067 Atque
371 3980 509 4047 modum
529 3981 697 4065 triquetro
719 3981 824 4046 iaciat
845 4002 931 4067 quae
947 3979 1068 4045 defluit
1088 3980 1161 4045 eius

237 4098 268 4162 A
287 4106 404 4162 0011110
423 4097 459 4160 111
479 4096 629 4161 medium
649 4096 766 4162 lateris
785 4103 877 4162 reeta
896 4119 936 4161 00
955 4095 1056 4160 100110
1075 4095 1118 4160 ad
1137 4096 1280 4183 anglum

238 4214 380 4278 Allata
402 4222 452 4277 est
472 4223 603 4277 1001010
623 4222 735 4277 rectae
755 4212 837 4278 iiaee
856 4235 897 4277 ex
917 4211 1077 4278 omnibus
1096 4213 1170 4294 001;

329 4481 409 4530 alea
425 4481 551 4547 anglum.
570 4480 691 4532 Adioota
