3428 5138
667 466 712 510 nn
734 465 898 510 unnsvnn.
1295 449 1351 506 321

291 625 389 684 Latus
417 622 563 701 trianguli
591 619 771 699 aequilateri
794 621 888 701 (quod
916 627 1020 680 centro
1048 618 1164 697 posito,
1193 617 1279 696 dato,
1303 617 1352 678 vel

210 739 347 818 quolibet
374 737 639 800 circumferentiae
664 743 779 817 puncto
805 736 884 796 radii
902 752 957 797 eeu
980 735 1199 796 semidiametri
1226 735 1352 794 circum-

210 855 354 916 ductione
372 854 529 935 definitur)
550 859 700 935 provocat
721 854 834 914 lineam
856 853 887 912 in
904 852 1099 913 extremitate
1116 851 1198 911 illius
1215 848 1300 910 basis
1321 848 1352 909 in

210 979 384 1033 contactum
402 971 506 1033 circuli
524 971 719 1034 defluentem.

652 1394 803 1460 CAPVT
837 1395 914 1460 VII.

710 1681 846 1727 CVNEVS.

505 1855 619 1905 Angulani
634 1855 750 1895 nrlnlmum
765 1858 788 1895 ot
802 1855 924 1896 maximum
938 1855 1049 1896 describo.

297 2108 512 2196 Simpliciter
530 2110 694 2176 minimus
713 2111 914 2198 perhibetur
934 2112 995 2197 qui
1013 2112 1168 2178 medians
1187 2121 1239 2179 est

208 2225 354 2314 Cyclum
373 2227 465 2292 inter
483 2226 662 2313 geminum
682 2251 750 2314 quo
768 2230 950 2315 attingunt
969 2231 1236 2316 alterutrinquo;

144 2344 187 2409 10
210 2342 278 2411 Sed
297 2344 391 2431 capit
409 2343 468 2408 ille
483 2344 623 2430 gradum
643 2345 782 2429 qnando
801 2368 901 2431 mago
920 2346 1067 2412 circulus
1087 2353 1209 2412 auctus

208 2461 284 2525 Hoc
304 2461 415 2546 magis
435 2467 469 2526 et
488 2467 602 2526 rectae
618 2461 793 2546 conquirit
813 2463 1041 2547 conditiones,

209 2577 278 2654 Qui
296 2600 377 2644 vero
397 2599 439 2644 ex
459 2585 552 2644 recta
572 2585 607 2644 et
626 2602 733 2645 curva
753 2580 850 2645 venit
868 2579 1030 2666 angulus,
1050 2588 1085 2644 et
1105 2601 1206 2664 quem

208 2695 386 2761 Dimetrus
406 2703 559 2762 extremo
577 2696 719 2783 proprio
739 2703 925 2781 sustentat,
945 2696 1092 2761 hebetur

208 2812 421 2878 Cunctorum
440 2813 618 2896 minimus,
639 2835 706 2898 qua
726 2819 819 2879 recto
839 2813 892 2878 illi
911 2813 1095 2878 adiicietur

144 2926 185 2992 15
208 2928 312 2993 Parte
332 2929 410 2994 alia.
430 2929 539 2995 Recto
559 2950 764 3014 quocunqne
783 2935 818 2992 et
836 2927 946 2992 maior
965 2927 1142 3012 adhaeret,

208 3044 382 3110 Maximus
399 3046 517 3129 immo,
537 3045 659 3111 horum
676 3043 814 3129 quando
835 3044 973 3109 collatio
993 3044 1053 3109 fiet

207 3160 263 3225 Ad
281 3161 384 3227 rectis
403 3161 465 3227 hos
486 3161 546 3247 qui
564 3184 605 3227 ex
625 3160 745 3226 ambis.
764 3161 932 3246 Vulgaria
951 3160 1136 3244 habentem
1327 3194 1351 3228 lo
1367 3192 1408 3252 p,
1421 3177 1509 3240 181

208 3275 298 3340 Nam
316 3275 405 3341 ratio
425 3276 522 3341 nullo
541 3283 592 3340 est
612 3275 671 3341 ubi
690 3281 851 3358 rectaque
871 3298 1044 3361 curvaquo
1064 3275 1228 3341 inunum

208 3390 435 3473 Concurrunt,
455 3389 679 3476 geminasque
698 3388 796 3456 debis
815 3391 912 3456 vario
932 3390 1052 3456 ordine
1071 3413 1204 3457 curves.

142 3660 186 3724 20
288 3652 443 3729 Angulnm
460 3651 491 3711 in
508 3650 573 3713 deti
590 3652 723 3731 positive
745 3651 849 3712 circuli
863 3651 981 3712 ratione
1002 3652 1047 3712 sic
1067 3652 1223 3713 minimum
1241 3661 1273 3714 et
1289 3675 1348 3714 rna-

208 3769 321 3829 ximum
338 3768 512 3845 definimus;
534 3769 715 3847 simpliciter
735 3789 809 3830 vero
832 3768 986 3828 minimum
1007 3776 1098 3845 atque
1116 3770 1279 3829 maximum
1297 3791 1348 3831 au-

208 3884 312 3962 gulum
329 3885 538 3965 magnitudine
559 3886 720 3947 curvitatis
742 3886 914 3964 definimus,
939 3887 1069 3947 maxima
1093 3906 1184 3965 porro
1213 3887 1348 3950 curvitas

209 4003 301 4063 estin
328 4003 451 4063 minimo
469 4002 581 4064 circulo
599 4002 826 4082 conspicienda,
850 4003 972 4062 minima
993 4001 1023 4061 in
1039 4003 1183 4082 maximo,
1201 4004 1297 4063 maior
1318 4003 1349 4063 in

208 4121 248 4180 ad
265 4121 426 4181 maximum
443 4121 612 4200 propriore.
625 4118 714 4193 Quod
725 4120 815 4198 pleno
833 4119 863 4178 in
879 4119 1134 4198 praecedentibus
1149 4119 1349 4181 ostendimus.

341 4572 416 4611 linum
430 4574 484 4621 opp.
499 4573 539 4609 lut.
552 4571 573 4616 l,
585 4572 606 4611 3.
