3428 5138
480 429 525 472 DE
546 428 721 476 remersus
742 429 920 476 MENSVBAE
940 430 982 474 ET
1002 430 1157 475 Fluvaan.

760 680 875 726 amors.

248 854 280 918 A
298 854 381 921 Iove
399 854 477 940 plus
496 854 644 940 geminis
662 878 789 941 gyrum
807 877 877 920 non
896 855 1054 943 tangitur
1072 858 1191 944 aequis

248 971 453 1054 Quodlibet,
473 979 512 1036 ut
531 971 618 1036 nulli
638 978 795 1037 centrum
814 972 1033 1038 concernitur
1051 996 1133 1038 esse.

243 1089 319 1154 Hoc
337 1087 480 1175 Pyladis
498 1087 613 1153 verbis
634 1088 775 1154 ostende
793 1095 828 1154 et
846 1089 980 1155 Iasonis
999 1111 1065 1155 ore.

199 1324 220 1388 5
769 1337 861 1383 raas.

243 1513 290 1577 Et
308 1511 365 1577 via
384 1534 472 1601 qnae
492 1509 628 1576 Oceano
647 1510 850 1596 Neptunum
869 1510 986 1596 iungit
1004 1510 1141 1576 abunde

243 1629 395 1694 Extenta
414 1651 434 1694 a
452 1626 600 1713 geminis
618 1633 757 1692 tantum
776 1625 993 1712 contingitur
1011 1627 1131 1711 aequis

244 1745 434 1828 Fortunae,
455 1742 603 1826 Baccho,
623 1740 782 1829 Erigmi,
802 1741 975 1826 Hermen,
996 1741 1201 1827 Ganymedi.
1246 1823 1250 1830 Ι

243 1861 341 1940 Quod
359 1859 463 1948 plane
481 1859 630 1947 Pyladea
648 1858 715 1925 tibi
733 1858 789 1924 vel
805 1860 985 1925 confirmat
1003 1859 1115 1925 Iason.

174 2097 218 2163 10
730 2107 902 2153 rvmenva

146 2338 148 2343 -
240 2291 278 2355 Si
298 2290 472 2357 obiectum
490 2297 660 2377 punctum
679 2296 836 2355 centrum
855 2289 921 2354 tibi
940 2289 1014 2372 fiat,
1033 2295 1073 2354 ut
1092 2288 1172 2354 inde
1356 2318 1382 2354 aa

238 2405 418 2474 Extendas
437 2406 565 2492 radica,
584 2414 646 2471 aut
664 2405 785 2494 puncti
803 2413 949 2493 tangere
967 2406 1147 2493 sphaeram

242 2522 355 2607 (Quod
374 2522 557 2588 minimum
576 2529 628 2588 est
646 2528 785 2609 gyrum)
803 2521 934 2610 poteris
953 2527 1067 2588 tractu
1086 2521 1258 2604 breviore,

187 2654 194 2668 ·
238 2639 311 2704 Aut
329 2639 478 2725 geminis
497 2639 641 2727 planum
659 2639 799 2726 punctis
815 2639 989 2726 cyclisque
1006 2638 1187 2724 globosum

133 2825 134 2828 Ἴ
172 2752 214 2820 15
237 2755 443 2827 Innumeris
463 2755 568 2823 Radii
586 2755 651 2822 hoc
669 2755 783 2822 finitio
802 2762 837 2822 et
855 2755 946 2831 actio
965 2760 1145 2821 monstrat.

724 3007 894 3054 oonaonn.

235 3182 331 3248 Haec
351 3183 421 3266 via,
442 3206 510 3268 qua
528 3183 687 3250 Charites
706 3181 919 3248 descendunt
937 3181 980 3246 ad
999 3178 1093 3245 Iovis
1112 3201 1187 3262 cra,
1352 3225 1379 3263 35

236 3299 294 3365 Sic
312 3322 415 3386 super
434 3300 562 3366 Oceani
581 3302 757 3368 tramitem
777 3303 968 3392 Martisque
987 3307 1110 3376 ferocis

236 3414 315 3481 Stat
334 3438 513 3503 suspensa,
533 3416 611 3503 pari
630 3425 669 3484 ut
688 3418 858 3486 distractu
877 3424 1073 3510 apartibus
1093 3427 1166 3494 eius

169 3533 215 3597 20
238 3530 407 3598 Omnibus
426 3532 598 3599 absistant
616 3557 704 3620 quae
723 3535 898 3603 absistunt
916 3562 936 3604 a
956 3541 1049 3607 Iovis
1068 3565 1127 3609 ara

235 3648 356 3734 Longo
376 3648 561 3734 consimili,
582 3657 616 3716 et
635 3660 782 3737 aequata
802 3655 942 3743 cuspide
960 3658 1123 3746 utrinque

235 3764 313 3829 Non
333 3765 443 3851 magis
462 3766 635 3833 inclinans
653 3776 787 3854 partem
807 3772 1006 3859 opperietur
1025 3774 1062 3841 in
1081 3800 1186 3843 unam
1350 3814 1375 3852 ro

234 3880 345 3957 Quam
364 3881 411 3946 sit
429 3881 605 3949 declinans
624 3883 786 3971 reliquae.

760 4137 851 4182 PARS.

167 4297 210 4360 Ξῖ)
782 4320 891 4387 Latus
909 4328 946 4388 at
965 4333 1184 4410 supernatans

233 4429 449 4497 Concludens
469 4431 677 4519 triquetrum
696 4435 865 4522 reliquum
885 4437 969 4505 facit
988 4463 1060 4508 esse
1079 4446 1253 4512 revulsum
