3428 5138
472 458 627 504 annom
647 457 818 504 aureasvs
838 455 1105 503 uarmarrcos.
1319 440 1359 500 29

219 659 330 721 mum,
348 634 504 722 primum
524 659 589 724 par
607 642 643 701 et
657 634 811 724 primum
828 633 942 722 impar
960 632 1117 699 omnium
1135 652 1360 698 numerorum

217 793 414 856 mensurae,
439 770 571 837 radices
593 778 629 836 et
651 769 898 852 fundamenta,
922 769 1006 834 item
1039 766 1196 832 radicum
1229 765 1361 831 radices

216 906 253 964 et
274 897 583 965 fundamentorum
610 895 838 964 fundamenta
861 903 897 962 et
920 917 1161 962 mensurarum
1195 914 1359 959 mensura

217 1024 345 1090 unitas.

498 1270 778 1350 llEllBRVlI
819 1271 1080 1361 QVINTVM.

639 1452 718 1508 pra
745 1452 935 1508 nmmum.

651 1687 846 1755 Anrrcvnvs
869 1689 922 1753 45.

302 1874 397 1940 Ante
415 1895 478 1940 nos
497 1895 611 1958 nemo,
630 1874 661 1940 si
678 1882 796 1940 tamen
820 1878 873 1958 (ut
895 1874 1079 1958 credimus)
1102 1874 1235 1958 extitit,
1255 1896 1360 1962 appa·
1382 1885 1407 1934 0
1424 1873 1476 1937 2³

214 2003 287 2069 ruit
305 2009 523 2069 mensurator
537 2024 580 2067 ex
595 2001 731 2086 aeditis,
751 2007 787 2068 et
803 2009 941 2090 praeter
958 2009 1116 2070 nostrum
1135 2002 1359 2070 mensurandi

148 2132 192 2196 10
213 2130 354 2198 modum
373 2128 490 2196 nullus
509 2135 563 2196 est
584 2129 683 2195 alius.
713 2130 764 2198 Ut
791 2129 885 2196 enim
914 2136 1015 2203 extra
1041 2130 1214 2198 unitatem
1240 2132 1358 2198 nullus

214 2266 267 2325 est
284 2279 463 2344 numerus,
482 2256 581 2324 itaet
596 2263 694 2324 extra
710 2263 868 2324 nostrum
883 2256 1066 2324 minimum
1082 2258 1179 2324 nulla
1195 2264 1248 2325 est
1266 2282 1359 2326 men·

213 2408 304 2454 sura.
323 2386 377 2452 46.
396 2384 694 2452 Mensuratoribus
717 2382 779 2451 ubi
801 2406 961 2451 recursus
984 2393 1036 2452 est
1059 2383 1104 2451 ad
1126 2384 1223 2452 illam
1245 2385 1359 2453 infeli·

214 2538 288 2583 cem
311 2522 421 2582 artem
444 2515 713 2603 triangulorum,
737 2520 772 2580 et
795 2512 935 2581 sinuum
953 2519 1059 2601 atque
1082 2514 1288 2582 chordarum
1308 2523 1360 2582 ta-

212 2642 327 2725 bulas,
356 2642 495 2710 amissio
522 2662 703 2708 mensurae
719 2639 759 2706 in
776 2645 896 2728 aperto
925 2647 978 2707 est
1005 2640 1096 2707 etin
1123 2641 1294 2727 confesso,
1321 2650 1357 2709 et

148 2774 189 2838 15
213 2768 437 2856 (utinquam)
456 2769 610 2835 laternae
631 2766 762 2834 lumine
790 2767 955 2834 amissum
983 2766 1182 2854 quaeritant
1212 2767 1357 2834 cerebel-

211 2894 295 2961 lum.
315 2895 424 2961 Iidem
435 2893 518 2960 dum
530 2893 598 2960 sibi
613 2893 831 2982 dispensant,
849 2900 890 2961 ut
905 2893 954 2960 eis
974 2892 1123 2959 sufficiat
1139 2893 1183 2959 ad
1199 2902 1355 2980 quartae,

212 3021 354 3109 quintas
378 3028 535 3089 sertasve
552 3043 773 3110 progressum
792 3019 927 3105 fecisse,
950 3026 991 3087 ut
1015 3018 1156 3086 tandem
1184 3043 1263 3087 oum
1294 3044 1357 3088 suo

210 3148 316 3235 paulo
346 3147 426 3236 plus
456 3148 510 3214 vel
539 3147 654 3215 minus
688 3168 774 3235 opus
794 3146 992 3215 absolutum
1015 3147 1226 3235 exprimant,
1255 3149 1356 3216 uobis

212 3274 283 3340 iam
301 3296 371 3340 non
393 3279 588 3360 geometrae
612 3297 672 3341 seu
699 3280 965 3358 mensuratores,
985 3273 1045 3340 sed
1064 3274 1164 3360 quasi
1183 3297 1357 3342 mensura·

144 3407 189 3472 20
211 3411 315 3487 toreS,
335 3402 434 3489 quasi
452 3409 648 3489 geometrae
665 3410 749 3470 sunt
767 3401 984 3491 appellandi,
1007 3403 1063 3471 vel
1087 3403 1130 3489 (si
1152 3405 1276 3489 mavis)
1299 3406 1357 3474 do·

211 3528 298 3597 mini
327 3527 604 3596 circiterizantos.
633 3529 687 3595 47.
715 3528 825 3595 Iidem
855 3529 1014 3615 magistri
1042 3531 1171 3614 nostri,
1200 3532 1283 3598 dum
1312 3532 1356 3598 ad

212 3659 391 3727 ulteriores
411 3668 446 3726 et
464 3659 615 3727 minores
632 3666 749 3747 partes
767 3659 998 3748 designandas
1018 3660 1113 3727 abire
1141 3662 1354 3748 definierint,

210 3784 342 3853 frustra
367 3786 412 3852 ad
441 3785 610 3874 ampliora
641 3792 824 3853 recurrunt
854 3786 1098 3872 instrumenta,
1119 3796 1159 3855 ut
1187 3789 1355 3857 circulum

212 3911 340 3979 circulo
364 3911 662 4000 ciromnponentes
685 3935 706 3979 a
729 3912 801 3980 suis
829 3911 996 3999 gradibus
1014 3912 1059 3979 ad
1077 3936 1156 3980 suas
1187 3915 1354 3984 minutias

145 4040 188 4105 Ξῖ)
211 4036 493 4125 progrediantur3
517 4038 610 4125 quod
632 4039 663 4106 si
684 4038 892 4126 geometrice
911 4046 1089 4127 saperent,
1110 4041 1165 4107 vel
1195 4048 1354 4110 centrum

212 4163 326 4252 ipsum
345 4165 580 4253 consulerent,
608 4167 664 4235 vel
692 4166 803 4256 ipsam
830 4167 1045 4255 peripheriae
1069 4175 1205 4257 partem
1234 4177 1353 4240 centro

389 4336 561 4344 ——-—--—
571 4338 625 4345 ..--
642 4340 676 4346 -
693 4341 710 4346 —
743 4342 811 4349 —-
848 4343 945 4351 —.-—--
958 4344 1014 4352 -υ
1039 4346 1116 4351 ---
1130 4346 1141 4352 -

304 4426 321 4474 o
331 4426 410 4489 sorae
423 4425 533 4478 editis?
595 4429 737 4481 meauardi
800 4433 832 4481 26
848 4432 1046 4501 peripbaeriao
