3428 5138
389 701 671 806 IORDANI
720 704 903 807 BRVN
905 706 931 806 I
982 704 1233 809 NOLANI
1403 756 1444 818 p·
1460 741 1532 805 54

325 973 797 1041 CONTEMPLATIONVM
831 977 899 1043 EX
932 979 1108 1046 MINIMO
1143 981 1298 1047 LIBER.

702 1802 855 1870 cAPVu
891 1804 918 1870 Ι.

431 1974 466 2013 Ex
476 1973 527 2014 luae
537 1972 603 2013 unlus
615 1973 721 2014 veritati·
731 1975 863 2026 multiplicis
874 1976 977 2016 verium
988 1977 1068 2017 lumen
1077 1975 1193 2028 exsurgit,

529 2047 588 2087 rlcut
599 2058 645 2087 uno
656 2047 684 2088 ab
696 2047 795 2088 eberardo
807 2049 907 2098 plurima
918 2048 1096 2099 consequuntur.

327 2213 460 2281 Effluus
479 2223 518 2281 ut
537 2217 641 2281 semel
660 2237 823 2282 accensus
842 2216 948 2283 micat
966 2216 1058 2304 ignis
1077 2217 1121 2284 ab
1142 2239 1212 2284 uno

239 2330 404 2418 Corpore,
425 2354 505 2396 mox
520 2333 675 2398 volucres
691 2331 847 2399 flammas
865 2356 928 2420 per
945 2332 1039 2399 mille
1058 2341 1230 2421 propagat

240 2447 380 2513 Semina
398 2447 576 2534 perfacile,
597 2455 632 2513 et
650 2449 810 2514 tenebras
828 2450 1013 2537 populator
1032 2448 1173 2515 inerteis

238 2563 396 2647 Excutit,
415 2563 507 2629 haud
526 2564 639 2648 aliter,
659 2570 790 2652 puncto
809 2564 839 2630 si
858 2564 996 2631 fulserit
1017 2587 1088 2631 uno

174 2676 216 2740 10
240 2679 363 2743 Sobria
380 2701 488 2764 mena,
509 2681 638 2766 raptim
656 2687 730 2747 toto
750 2681 896 2747 rationis
914 2680 1057 2748 horizon

239 2795 402 2882 Concipit
421 2818 439 2860 e
457 2797 589 2882 gremio
608 2796 783 2863 radiantia
801 2797 943 2864 lumina.
964 2798 1078 2876 Quare

239 2911 417 2998 Principio
436 2911 574 2976 minimi
593 2913 730 2998 quando
749 2919 801 2980 est
820 2913 950 2979 clarata
973 2920 1127 3001 potestas

238 3026 355 3111 Atque
374 3026 471 3110 orde,
492 3049 560 3112 quo
579 3051 615 3094 se
632 3027 787 3094 adnectit
806 3029 974 3096 conflator
993 3052 1110 3097 eorum

241 3144 334 3220 (luae
351 3144 447 3229 largo
468 3152 593 3209 natura
611 3144 696 3210 facit
716 3146 811 3211 cultu
830 3167 953 3231 arsque
972 3146 1141 3234 repingit,

175 3257 215 3320 15
239 3260 350 3326 Millia
369 3267 574 3326 succurrunt
591 3283 670 3327 mox
689 3261 913 3350 concipienda
933 3261 1050 3348 sagaci

240 3377 399 3463 Ingenio,
421 3377 557 3443 obiectu
577 3379 673 3444 velut
690 3400 760 3444 uno
784 3387 928 3466 exposta
946 3378 1112 3466 priusque

240 3492 425 3558 Stellarum
444 3493 644 3560 innumeras
664 3494 749 3560 citat
768 3495 941 3582 Hesperus
960 3501 1038 3560 acta
1054 3495 1219 3560 cohortes

239 3609 332 3694 Ergo
352 3610 536 3696 praecipua
555 3610 574 3675 e
594 3610 728 3675 eunctis
745 3618 920 3676 momenta
939 3633 1087 3698 capesse,
1407 3629 1448 3690 p.
1461 3614 1531 3677 55

239 3724 364 3790 Inclite
383 3725 476 3810 Dux,
498 3726 572 3813 ipso
592 3725 677 3791 mihi
696 3748 764 3811 quo
780 3749 852 3792 sese
871 3725 991 3792 ordine
1011 3749 1125 3793 coram

172 3838 217 3900 ‘20
239 3840 546 3908 Commemoranda
566 3842 708 3908 dabunt.
721 3842 944 3930 Primumque
961 3865 1002 3909 ex
1016 3842 1176 3910 omnibus
1186 3841 1251 3908 hoo
1265 3848 1326 3906 est.
1357 3870 1381 3908 15

320 4099 388 4159 Una
414 4099 554 4176 materia,
583 4119 642 4158 una
673 4096 784 4175 forma,
815 4115 905 4157 unum
934 4094 1082 4156 efficiens.
1109 4092 1146 4153 In
1173 4091 1255 4152 omni
1282 4091 1375 4168 serie,

240 4217 336 4294 scala,
357 4217 499 4295 analogia
515 4217 554 4277 ab
571 4237 630 4276 uno
652 4214 868 4295 proficiscitur,
890 4214 921 4274 in
943 4233 1003 4274 nno
1020 4211 1162 4274 consistit
1179 4220 1211 4272 et
1230 4209 1270 4271 ad
1287 4230 1378 4269 unum

241 4374 365 4381 —*,„,
390 4376 412 4380 -,
423 4375 499 4380 ,Η-,μ
517 4374 547 4381 -
583 4372 694 4377 ..---..-
713 4373 722 4376 .
767 4372 785 4376 .,
813 4372 839 4376 --
862 4372 866 4376 .
942 4370 947 4376 ι
965 4371 981 4377 .-
993 4370 1213 4377 --—-—--—-—-
1234 4370 1287 4375 —--
1302 4369 1372 4376 ⁴—-

332 4460 680 4522 ltludncctit,conflator
744 4460 774 4510 17
790 4458 870 4526 citat]
884 4459 971 4510 utitat
1033 4459 1183 4510 machou
