3428 5138
613 450 659 496 DE
679 449 792 495 ulrum
812 447 1022 494 axls'rsnrm.

664 680 754 725 Anah
776 678 966 724 DEMOCRITI.

248 1997 326 2061 Non
346 2018 431 2082 opus
450 2001 502 2060 est
520 1994 694 2082 duplicem
711 1996 860 2083 speciem
878 2018 1070 2084 supponere
1095 1998 1216 2082 quanti
1414 2014 1453 2075 p.
1469 1999 1529 2061 51

248 2112 302 2177 Ad
321 2112 457 2199 praxim
476 2111 723 2200 permensoris;
744 2111 922 2179 distinctio
941 2135 1091 2198 namque
1108 2112 1173 2179 hoc
1363 2142 1389 2180 25

248 2229 377 2294 Ordine
393 2251 464 2294 non
483 2227 625 2312 recidet,
649 2228 813 2315 physicus
832 2227 970 2313 quando
986 2229 1053 2294 ista
1070 2227 1213 2294 videbit.

205 2343 226 2407 ἵ)
249 2347 342 2431 Ergo
361 2345 428 2410 tibi
447 2345 655 2431 archetypus
673 2344 811 2410 minimi
830 2365 944 2410 coram
964 2343 1167 2427 obiiciatur,

249 2462 438 2549 Multiplici
456 2469 496 2528 ut
514 2461 658 2527 minimo
678 2461 807 2527 circum
826 2466 970 2526 coeunte
989 2459 1184 2527 redolentem

248 2577 426 2665 Expendit
445 2577 568 2643 similis
586 2577 723 2663 generis
739 2575 956 2665 completque
974 2576 1121 2661 figuram

249 2695 341 2759 Area
360 2693 551 2760 Democriti
569 2693 710 2781 proprio
729 2715 818 2779 quae
832 2690 973 2758 nomine
989 2690 1082 2757 dicta
1102 2697 1164 2756 est.
1366 2720 1393 2760 cc

249 2810 328 2875 Non
348 2832 433 2897 opus
452 2816 503 2875 est
522 2809 625 2876 aliam
645 2809 838 2875 doctrinam
856 2807 987 2894 fingere
1005 2806 1135 2895 inepte,

184 2921 227 2985 10
251 2926 354 3005 Qucis
372 2948 458 3012 opus
477 2925 638 2992 insanum
657 2925 694 2990 in
712 2925 816 3012 plano
835 2923 1034 3012 perquirere
1049 2924 1139 3010 cycli

250 3041 428 3107 Stultitiae
448 3048 486 3106 ut
506 3045 643 3108 currum
663 3048 804 3107 currant
822 3040 963 3106 millena
980 3064 1043 3128 per
1061 3040 1191 3124 orbem,

249 3158 301 3222 Ac
321 3157 485 3244 sphaerae
504 3157 661 3243 obliquas
679 3157 832 3223 rationes
850 3179 958 3242 usque
974 3157 1125 3240 laborat;

251 3273 319 3338 Sed
338 3272 496 3358 quamvis
514 3280 693 3360 perspecta
712 3272 801 3340 foret
820 3295 881 3360 per
903 3273 1009 3359 plana
1027 3272 1139 3359 petita
1362 3302 1389 3341 so

249 3387 419 3471 Ourvedo,
438 3388 531 3454 haud
549 3388 639 3455 ullus
658 3388 813 3474 sequitur
831 3396 948 3453 tamen
967 3387 1061 3453 illius
1079 3410 1173 3472 usus,

186 3499 226 3562 15
250 3506 496 3591 Praeterquam
512 3504 621 3571 solido
640 3505 669 3570 si
687 3504 759 3570 fors
778 3503 998 3570 accommoda
1016 3503 1087 3569 fiat.

251 3621 439 3709 Multiplici
458 3643 611 3687 errorum
631 3621 767 3686 cumulo
786 3618 943 3685 confusio
962 3618 1081 3705 gliscit

249 3736 297 3803 Iis
317 3759 451 3823 quoquo
468 3737 653 3821 iudicibus,
674 3734 788 3802 studio
807 3735 868 3820 qui
887 3757 1021 3822 semper
1039 3734 1137 3800 inani

249 3853 433 3918 Auxerunt
453 3874 599 3919 canones
618 3852 776 3936 chordae,
797 3873 894 3917 arcus
913 3858 1018 3937 atque
1036 3851 1198 3938 sagittae,
1365 3881 1391 3920 io

249 3969 334 4034 Inde
351 3970 474 4036 abacos
493 3970 606 4035 varias
626 3970 800 4056 complent
818 3968 1043 4054 tabulataque
1061 3967 1248 4055 rhythmis,

183 4079 227 4141 20
251 4085 300 4151 Ut
319 4085 427 4150 multo
447 4086 592 4152 doceant
611 4083 727 4151 miseri
747 4084 899 4149 insanire
917 4083 1042 4151 labore.

250 4201 387 4265 Interea
405 4208 568 4288 reputant
587 4201 778 4266 defectibus
796 4199 970 4266 Euclideis

344 4453 373 4502 ll
391 4467 465 4502 cereo
480 4457 596 4502 corrollo
