3428 5138
337 387 394 444 166
644 397 783 443 roncum
804 396 905 441 11111111
926 397 971 441 nn
991 397 1130 458 nrmuo,
1150 399 1171 443 1.

336 553 547 636 Confitentes,
567 558 696 617 certam
715 551 764 617 sio
783 552 908 616 molem
926 552 1101 636 atomique
1120 558 1314 639 reportant:
1501 569 1545 630 p.
1561 553 1635 617 35

334 668 424 733 Nem
435 667 583 732 multum
592 674 628 731 et
637 688 798 754 paucum,
813 687 979 751 magnum
990 688 1208 752 parvumque
1220 667 1257 732 in
1267 666 1411 733 eundem
1453 696 1481 736 eo

333 783 555 850 Conveniunt
570 804 738 866 normam,
757 788 793 847 et
810 781 955 847 minime
970 780 1155 847 resecabile
1174 790 1344 868 quantum

333 901 397 966 Est
415 922 510 987 opus,
530 905 570 964 ut
588 898 729 964 tandem
743 904 889 962 naturae
908 904 1066 963 occurret
1080 904 1115 963 et
1131 898 1212 981 arti3

290 1012 310 1075 ὖ
334 1016 548 1083 continuum
565 1015 705 1101 fugiens
721 1014 760 1078 ni
779 1013 878 1078 malit
896 1012 1046 1080 forsitan
1062 1013 1153 1079 ullus

333 1133 413 1200 Non
432 1132 565 1198 fectum
584 1155 625 1197 ex
644 1131 777 1215 multis,
797 1130 855 1196 sed
875 1130 1022 1217 simplex
1040 1130 1148 1196 dicier
1163 1153 1287 1215 unum,

334 1251 383 1316 Ut
400 1248 542 1333 quidam
560 1248 701 1313 voluere
720 1246 834 1334 sophi,
853 1246 936 1331 quio
952 1245 1111 1332 partibus
1126 1246 1213 1312 illud

333 1364 414 1429 Non
430 1363 583 1430 definitis
599 1363 705 1429 etiam
724 1370 882 1429 constare
901 1369 1087 1450 putarunt,

334 1480 404 1546 Ocu
424 1489 564 1568 capture
583 1482 650 1548 sibi
669 1504 711 1546 ex
730 1482 806 1568 ipso
826 1503 1061 1566 quascumque
1080 1479 1217 1547 licebat.

269 1593 311 1655 10
333 1598 424 1663 Dein
445 1598 613 1684 Stagirita
630 1598 713 1664 satis
733 1598 832 1664 docte
850 1620 890 1663 oc
909 1597 1085 1663 subtiliter
1100 1603 1206 1680 errat,

334 1714 451 1800 Atque
470 1737 548 1781 suos
566 1737 679 1780 errare
695 1715 808 1797 docet,
830 1713 969 1799 quando
988 1713 1159 1778 rationem

334 1831 440 1897 'Pauli
463 1839 498 1897 et
516 1831 643 1897 velocis
659 1853 766 1898 nervo
787 1830 959 1896 duntaxat
979 1830 1022 1895 ub
1041 1852 1112 1895 uno

334 1946 486 2034 Accipit,
507 1953 547 2012 ut
563 1953 677 2013 motus
696 1945 913 2031 geminorum
933 1943 1158 2009 continuatus

335 2066 514 2131 Ambobus
530 2065 616 2129 tacti
634 2064 757 2151 puncti
776 2063 910 2129 rationc
930 2062 976 2127 sit
995 2083 1139 2146 aequus;

270 2182 311 2244 15
334 2181 423 2247 Cum
438 2187 554 2246 tomen
569 2180 662 2246 haud
678 2180 790 2245 medio
807 2179 856 2245 rei
876 2185 949 2245 totu
969 2185 1021 2244 est
1036 2177 1088 2244 vis
1108 2177 1296 2244 tribuenda

335 2299 401 2361 Per
421 2294 513 2381 quod
531 2296 571 2360 fit
589 2302 716 2377 motus,
736 2295 795 2360 sed
814 2294 927 2381 prime
946 2300 980 2359 et
997 2316 1067 2359 non
1087 2294 1201 2360 minor
1220 2293 1290 2381 ipsi

334 2412 468 2479 Virtuti
487 2411 665 2499 arlpulsuS,
683 2433 786 2496 quam
802 2410 955 2497 praefert
973 2410 1124 2497 impetus
1143 2433 1280 2496 urgens.
1438 2416 1481 2475 103'

336 2532 518 2597 Praeterea
538 2529 631 2594 haud
650 2528 784 2594 modica
803 2529 945 2595 obtruso
963 2535 1015 2593 est
1034 2527 1191 2594 confusio
1211 2528 1335 2610 menti,

335 2647 432 2725 Quae
447 2668 518 2710 non
537 2645 742 2711 continuum
761 2644 967 2730 distinguet,
988 2652 1028 2709 ut
1047 2643 1208 2710 omnibus
1224 2643 1328 2727 adsit,

268 2770 313 2833 20
334 2762 387 2828 Ac
405 2762 511 2827 variis
530 2761 639 2843 varie,
660 2761 742 2846 quie
759 2760 918 2846 quemvis
934 2760 1092 2826 sensibus
1108 2761 1202 2825 ultro

334 2878 448 2944 Fluxu
465 2900 536 2943 non
554 2876 751 2941 intermisso
771 2898 972 2964 percurrere
991 2882 1126 2942 constat

334 2994 429 3058 Haec
448 2991 574 3078 quibus
592 2992 728 3078 attigua
747 3000 798 3058 est
817 3015 897 3079 pars
915 2993 1021 3080 parti,
1037 3013 1109 3058 non
1127 2999 1244 3058 tomen
1258 3000 1311 3058 est
1330 3015 1395 3080 per
1442 3024 1482 3062 110

334 3109 548 3175 Continuum
567 3109 700 3174 cunctis
720 3109 757 3173 in
773 3109 934 3175 motibus.
954 3109 1016 3194 At,
1034 3108 1136 3191 bone,
1157 3109 1284 3174 multos

334 3225 445 3290 Cerno
463 3224 601 3310 gradus
619 3226 757 3302 Quanto
776 3231 910 3291 motum
927 3234 978 3290 est
996 3225 1148 3291 velocius
1168 3248 1292 3311 unum,

268 3349 311 3413 25
334 3341 448 3407 Tanto
464 3348 498 3406 et
518 3341 703 3406 continuus
722 3340 837 3406 fluxus
856 3342 967 3428 magis
985 3366 1058 3407 osso
1075 3342 1268 3429 putenduS,

336 3457 534 3535 Quamlibet
550 3456 594 3522 arl
612 3479 751 3522 sonsum
768 3457 922 3523 medians
941 3481 1037 3525 mora
1056 3459 1152 3525 nulla
1166 3458 1310 3525 feratur.

336 3574 507 3639 Fluxibus
526 3572 671 3638 intonsis
689 3574 911 3662 lympharum
930 3575 1119 3662 iisdemque
1135 3575 1286 3640 remissis
1446 3607 1484 3647 με,

336 3691 562 3777 Perspicuum
581 3713 653 3755 esse
672 3697 799 3778 potest,
817 3692 995 3778 guttisque
1013 3692 1217 3758 cadentibus
1236 3693 1324 3773 alto,

337 3810 432 3887 Quae-
451 3807 560 3874 veluti
580 3815 712 3874 motum
731 3809 932 3894 intendunt,
952 3811 1002 3877 ita
1022 3811 1294 3896 continuumque

270 3931 314 3996 30
336 3927 502 3992 Efficiunt
522 3925 655 3991 fluxum
674 3928 793 4013 magis.
814 3928 930 4016 Atque
949 3929 1073 3995 iccirco
1092 3930 1290 4016 negandum

337 4044 465 4109 blobilo
482 4044 686 4110 continuum
707 4052 907 4132 motumque
926 4047 1108 4133 locumque
1124 4048 1262 4113 subesse
1505 4074 1545 4135 p.
1560 4062 1633 4125 36

338 4157 408 4225 11111
429 4157 557 4222 iudicio
564 4181 570 4241 ;
590 4181 692 4245 porro
711 4160 829 4246 plures
847 4162 998 4227 rationes

338 4274 504 4341 Continui
523 4283 557 4341 et
574 4277 703 4365 species
719 4279 872 4346 diversas
892 4302 963 4345 esse
979 4286 1162 4346 momente.

855 4396 883 4401 .-.
933 4394 1005 4400 .---
1199 4396 1216 4401 -
1235 4394 1391 4405 ..,.-..----

432 4422 463 4470 10
478 4421 627 4487 Stegyrito
649 4393 666 4397 --
695 4393 728 4399 .-.
