3428 5138
459 436 504 480 11
525 435 699 482 ratumena
720 437 896 485 11111111
917 440 1133 489 1111111111
1305 430 1361 492 191

776 740 820 805 ΙΙ.

223 940 388 1006 Metimur
406 950 499 1009 recta
519 951 580 1010 aut
599 968 703 1013 curva
721 947 905 1035 longedine
924 957 1050 1036 totum,

223 1174 441 1263 Astyanax
464 1179 593 1245 retulit.
615 1180 735 1247 Sedet
754 1182 835 1248 audi
855 1206 953 1250 sensa
972 1185 1150 1251 Berasti:

179 1288 199 1351 5
223 1289 377 1376 Aequale
396 1295 532 1379 aequali
550 1302 611 1361 aut
628 1319 716 1383 gyro
735 1305 795 1364 aut
815 1301 1073 1388 comprenditur
1091 1325 1187 1387 arcu,
1340 1335 1364 1372 10

222 1407 296 1472 Aut
315 1411 494 1477 subtendit
512 1412 550 1478 in
568 1412 633 1480 hoc
651 1415 849 1503 quicquam,
869 1424 929 1484 aut
948 1419 1182 1485 substernitur
1198 1442 1317 1506 aeque.

763 1673 827 1739 nr.
880 1765 882 1768 y
1367 1687 1407 1749 p.
1434 1673 1522 1735 151

222 1880 362 1964 Aequus
381 1877 575 1960 dimetiens
598 1878 717 1964 aequis
736 1877 919 1964 radiusque
937 1878 1073 1964 figuris,

222 1995 415 2061 Dimetiens
434 1993 583 2059 mediam
602 1993 736 2059 dirimit
754 2016 994 2080 quamcunque
1013 1995 1174 2082 figuram,

158 2108 201 2170 10
223 2112 455 2178 Chremetes
478 2111 605 2177 docuit.
625 2112 727 2178 Nunc
745 2112 862 2200 accipe
880 2112 986 2178 verba
1004 2112 1165 2177 Diauli:

224 2228 333 2294 Maior
351 2227 429 2315 plus
449 2235 605 2294 centrum
625 2251 732 2316 prope
751 2229 810 2312 sit,
830 2229 943 2295 minor
961 2228 1109 2316 amplius
1128 2229 1259 2314 ebetat,
1340 2258 1365 2298 15

222 2344 343 2430 Aequa
362 2367 469 2432 aeque
488 2344 627 2411 absistit
645 2369 707 2433 per
726 2352 882 2411 centrum
901 2345 1052 2412 maxima
1070 2352 1183 2411 tracta
1202 2352 1254 2411 est

765 2605 824 2671 IV.

221 2812 273 2877 De
294 2817 411 2879 centro
430 2811 536 2877 radiis
556 2812 665 2877 ternis
684 2811 872 2898 attingitur
891 2813 1010 2899 aequis

157 2933 199 2995 15
222 2929 268 2993 Et
285 2951 412 3014 gyrum
432 2936 467 2993 et
485 2936 592 3012 recta,
612 2935 649 2994 11
668 2950 883 3015 quacumque
902 2953 920 2994 e
939 2936 1038 3017 parte
1057 2929 1205 3015 1111111,

222 3044 367 3109 Ericus
391 3044 568 3132 expressit.
588 3043 656 3109 Sed
674 3044 728 3109 vis
747 3043 866 3109 audire
889 3045 1132 3132 Fulignum?

221 3161 385 3247 Attinges
404 3185 530 3249 gyrum
550 3163 587 3227 in
605 3161 753 3248 geminis
772 3183 879 3246 aeque
897 3161 1051 3246 undique
1069 3163 1224 3249 punctis,
1340 3192 1366 3229 20

221 3276 417 3343 Innumeris
436 3277 617 3366 sphaeram
633 3299 740 3362 aeque
759 3278 978 3344 abstantibus
997 3278 1150 3364 undique
1168 3281 1276 3366 gyris.

778 3539 819 3604 V.

154 3744 199 3808 20
220 3743 329 3808 Recta
349 3765 451 3830 super
470 3751 599 3808 rectam
618 3749 749 3808 rectum
768 3743 945 3829 geminum
964 3744 1050 3810 facit
1068 3745 1225 3830 anglum,

220 3859 294 3924 Aut
312 3881 438 3944 aequos
456 3859 605 3945 geminis
624 3865 771 3944 quantos
790 3859 997 3946 triquetrum
1017 3860 1111 3947 capit
1131 3883 1250 3945 omne,

221 3974 454 4062 Gorgonius
478 3976 610 4040 recitat.
630 3977 715 4041 Post
732 3976 818 4041 talia
837 3977 946 4042 nectit
965 3976 1169 4042 Hericles:

219 4091 381 4179 Angulus
402 4100 437 4158 11
456 4099 584 4174 111111,
605 4100 640 4157 11
660 4092 720 4178 qui
739 4092 909 4178 triquetro
928 4116 946 4158 e
965 4093 1078 4158 tribus
1097 4094 1215 4179 aequis
1339 4121 1364 4158 a

220 4211 283 4276 Est
302 4209 480 4297 proprius,
499 4230 655 4274 normam
673 4207 712 4273 in
731 4208 864 4274 cunctis
883 4216 1064 4276 conservat
1083 4208 1235 4274 eandem.

312 4462 488 4514 tusciam
552 4460 581 4511 12
599 4465 709 4510 cetrum
