3428 5138
724 460 768 510 DE
789 460 953 510 MEXSVRA.

268 619 465 701 Praestitit,
485 643 562 686 ecce
580 620 666 686 trias
685 620 789 686 finem
808 626 968 686 nectente
987 619 1133 685 duorum

269 737 430 804 Succedit
448 744 541 803 recta
559 737 708 825 primam
729 736 908 802 claudente
927 737 1088 822 figuram,

268 853 364 932 Quae
383 855 566 920 minimum
584 861 678 922 recta
697 854 889 942 positarum
908 855 1064 941 margine
1084 876 1245 941 campum

267 969 432 1036 Extremo
451 971 588 1037 cohibet
605 994 761 1054 numere,
781 972 863 1057 quia
882 971 1052 1037 tractibus
1069 970 1187 1058 aequis

225 1087 246 1150 5
269 1087 360 1154 Area
379 1089 419 1154 fit
438 1087 559 1174 maior,
580 1110 648 1174 quo
667 1089 745 1177 plns
764 1087 938 1176 polygona
957 1088 1068 1174 figura
1088 1093 1152 1153 est.

346 1273 495 1352 Apprime
514 1292 551 1333 ex
568 1273 735 1352 praedictis
752 1271 948 1333 manifestum
966 1293 1034 1333 esse
1046 1280 1151 1351 potest
1164 1271 1313 1333 rationem
1325 1271 1404 1350 prin·

266 1391 338 1469 cipii
349 1399 492 1468 respectu
504 1390 670 1467 figurarum
682 1391 814 1450 omniurn
825 1391 939 1451 habere
950 1391 1136 1468 triangulum
1148 1399 1239 1468 atque
1252 1390 1406 1468 circulum,

264 1516 298 1569 ut
309 1508 475 1585 proximius
487 1529 647 1586 corporum
659 1509 842 1588 principium
848 1517 901 1569 'est
915 1509 1051 1588 pyramis
1064 1516 1155 1584 atque
1166 1507 1308 1588 sphaera.
1327 1507 1408 1580 Quo-

264 1627 345 1686 niam
361 1626 491 1686 maxima
504 1627 824 1707 comprehendentium
838 1626 983 1687 circulum
1003 1627 1103 1704 figura
1120 1635 1168 1688 est
1187 1627 1359 1705 triangulus
1376 1634 1409 1687 et

199 1729 241 1793 10
263 1744 421 1804 minimae
439 1743 551 1805 circulo
569 1762 817 1823 comprensarnm
838 1751 888 1804 est
910 1745 1094 1822 triangulus,
1121 1744 1193 1804 inde
1218 1743 1340 1820 quidem
1368 1741 1407 1803 ad

263 1860 408 1922 circulum
426 1870 458 1923 et
474 1882 581 1923 omnes
595 1862 673 1922 alias
690 1860 851 1920 maximum
870 1859 1026 1939 colligitur
1043 1879 1112 1922 esse
1133 1861 1316 1939 triangulus,
1336 1860 1407 1920 hinc

262 1999 336 2040 vero
358 1980 529 2058 minimum,
552 1979 622 2056 quia
640 1980 713 2041 item
737 1979 776 2039 ab
802 1999 902 2057 agona
922 1978 1034 2057 figura,
1056 1997 1132 2055 quae
1152 1986 1201 2039 est
1218 1978 1359 2055 circulus,
1375 1978 1407 2036 in

263 2099 446 2177 polygonum
460 2099 623 2178 explicatio
640 2099 738 2178 prima
754 2107 803 2160 est
815 2100 846 2158 in
861 2099 1060 2175 triangulum,
1077 2096 1209 2160 infertur
1223 2097 1408 2173 triangulum

262 2235 331 2276 esse
349 2215 416 2276 eam
433 2215 562 2294 figuram
579 2236 657 2292 quae
671 2217 807 2295 proxime
824 2215 969 2277 circulum
986 2216 1215 2294 complectitur;
1231 2215 1283 2275 ubi
1300 2233 1407 2275 veroa

197 2329 238 2392 15
261 2334 383 2410 trigona
400 2333 438 2393 ad
461 2342 666 2413 tetragonam,
694 2335 733 2394 ad
755 2343 971 2414 pentagonum,
997 2334 1036 2394 ad
1063 2334 1162 2412 magis
1190 2339 1282 2409 atque
1307 2331 1406 2410 magis

262 2452 459 2530 polygoniam
483 2453 519 2514 fit
539 2473 697 2527 accessus,
715 2456 746 2514 in
768 2456 908 2516 circulari
928 2455 1054 2516 tandem
1079 2454 1167 2514 finita
1188 2454 1406 2532 progressione

262 2574 316 2634 fiet
341 2574 554 2655 consistentia,
582 2575 768 2654 triangulum
785 2576 950 2654 figurarum
968 2576 1101 2636 omnium
1122 2596 1141 2635 a
1155 2575 1268 2635 circulo
1286 2582 1407 2635 conten·
1477 2651 1481 2660 Ι

261 2698 359 2751 tarum
376 2693 611 2753 remotissimam
629 2713 697 2754 esse
716 2694 926 2774 comperimus.
948 2695 1023 2756 Ideo
1042 2695 1113 2755 hinc
1134 2693 1257 2771 quidem
1274 2693 1406 2754 circulus

262 2806 301 2867 ad
319 2809 505 2884 triangulum
527 2817 558 2871 et
583 2811 659 2871 alias
679 2811 794 2889 figuras
815 2813 978 2872 maximum
1001 2831 1070 2873 esse
1092 2809 1310 2889 comperimus,
1332 2803 1405 2870 inde

194 2926 239 2990 20
260 2948 334 2988 vero
352 2928 516 2991 minimum.
534 2930 730 3010 Quapropter
745 2941 776 2992 et
792 2933 871 2993 ratio
888 2932 1030 3011 principii
1046 2932 1088 2992 ita
1101 2940 1150 2993 est
1164 2933 1245 2992 inter
1260 2931 1405 2993 circulum

261 3052 293 3104 et
309 3046 494 3124 triangulum
511 3048 625 3126 divisa,
642 3051 721 3110 sicut
739 3052 819 3112 inter
835 3051 995 3110 materiam
1016 3058 1048 3110 et
1069 3049 1213 3128 formam,
1233 3050 1403 3129 potentiam

261 3170 293 3222 et
309 3172 423 3243 actum,
442 3167 635 3228 terminabile
659 3177 690 3228 et
717 3168 891 3247 terminum,
918 3169 1123 3229 continentem
1154 3176 1186 3229 et
1212 3176 1402 3245 contentum,

260 3281 423 3341 maximum
441 3291 473 3344 et
490 3283 654 3344 minimum.

717 3626 870 3693 CAPV'P
906 3630 951 3696 ΙΙ.

766 3845 905 3892 CARCER.

547 3987 577 4027 m
592 3987 709 4028 minimum
724 3989 864 4040 triangulum
879 4001 934 4030 arca
949 3995 972 4030 ot
987 3991 1069 4039 angulo
1085 3991 1121 4031 do.

338 4170 479 4247 Quodsi
491 4193 590 4237 nosse
602 4172 699 4260 cupis
713 4174 878 4260 quidnam
891 4176 1074 4244 minimum
1084 4177 1121 4243 in
1131 4200 1257 4265 genere
1268 4177 1333 4246 hoc
1347 4179 1402 4266 sit,

259 4284 301 4352 In
321 4288 413 4373 quod
432 4288 636 4355 continuum
654 4291 797 4377 planum
815 4299 979 4360 tenuatur
999 4295 1156 4380 obitque,

743 4424 766 4430 .-
770 4425 870 4431 -.-..-
1098 4429 1250 4435 -...—..
1255 4430 1285 4435 —
1289 4429 1398 4438 --.

350 4472 382 4523 12
398 4487 507 4536 egenae
523 4472 632 4535 figurae
697 4475 815 4536 lo'scrsc
832 4475 1005 4539 polygonum
1068 4477 1099 4526 1?
1116 4477 1324 4530 conscisteutia
