3428 5138
673 440 717 483 na
739 439 903 486 ususvm.
1301 424 1358 481 301

214 593 416 660 Tentabunt
435 594 564 660 frustra
583 594 679 661 velut
698 617 767 661 uuo
787 595 926 661 tramite
945 596 1068 661 arlacta
1334 623 1360 660 a

214 709 361 775 Finibus
379 734 397 775 e
416 711 523 776 variis
542 712 647 777 finem
667 712 874 777 contendere
894 712 931 776 in
950 735 1073 795 unum,

214 825 263 891 Ut
282 848 353 891 non
372 825 514 892 dividua
534 827 730 893 consistunt
749 826 897 911 denique
917 826 1028 890 forma

214 940 374 1027 Singula,
393 943 448 1008 vel
467 943 618 1031 propriis
637 950 775 1009 tantum
795 950 876 1008 sunt
895 943 1054 1029 partibus
1074 964 1201 1025 unum,

169 1050 190 1113 ὖ
214 1057 252 1122 Si
271 1058 470 1125 methodum
490 1059 683 1125 adtendunt
701 1059 879 1146 propriam
898 1080 1126 1144 numerosque
1146 1058 1292 1123 meandi.

214 1175 432 1264 Quapropter
451 1178 603 1244 numeris
623 1178 816 1266 dispersum
835 1177 1049 1263 materiaque
1332 1205 1359 1243 23

213 1291 313 1359 Dixit
332 1295 566 1362 Anaximenes
585 1320 715 1363 vanum
733 1296 965 1382 nihilumque,
985 1295 1124 1361 Melisso

213 1410 482 1496 Parmenidique
499 1413 614 1500 placet
632 1419 768 1478 tantum
789 1435 897 1478 unum
916 1411 1030 1476 dicore
1049 1432 1179 1475 verum.

291 1658 438 1718 Mensura
453 1658 581 1737 triplex:
601 1678 694 1737 supra
715 1668 747 1719 et
768 1667 839 1720 aute
855 1678 936 1735 rem,
964 1657 996 1717 in
1017 1666 1134 1718 etcum
1162 1676 1209 1734 re,
1233 1664 1305 1735 post
1327 1664 1358 1715 et

150 1771 191 1834 lO
214 1785 300 1838 extra
317 1797 391 1837 rem.
406 1776 552 1837 Mensura
566 1797 661 1856 supra
677 1796 742 1837 rem
762 1775 890 1854 triplex:
915 1797 1022 1855 unum,
1040 1795 1143 1855 mens,
1172 1775 1251 1837 idea.
1275 1777 1358 1837 Men·

213 1917 284 1969 sura
310 1897 342 1956 in
364 1916 397 1957 re
426 1896 554 1974 triplex:
579 1896 773 1974 magnitudo,
801 1895 934 1975 pondus,
954 1904 1149 1956 momentum.
1177 1893 1358 1972 Magnitudo

214 2016 340 2095 triplex:
358 2016 463 2091 uniuS,
489 2014 616 2074 duarum
639 2022 671 2075 et
697 2014 790 2075 trium
818 2013 1051 2076 dimensionum.
1080 2013 1207 2074 Pondus
1232 2012 1357 2092 triplex:

214 2140 300 2194 extra
317 2132 430 2210 locum,
449 2131 488 2191 ad
506 2131 619 2210 locum,
636 2133 667 2192 in
686 2134 753 2194 loco
775 2153 831 2194 seu
852 2134 932 2193 circa
959 2134 1068 2194 locum.
1097 2134 1285 2193 Momentum
1306 2130 1359 2191 tri-

212 2249 294 2327 plex:
316 2248 522 2325 substantiae,
540 2248 712 2326 qualitatis,
728 2258 903 2327 respectus:
922 2271 977 2311 seu
994 2249 1138 2327 absoluti,
1161 2249 1310 2327 concreti,
1326 2256 1358 2309 et

148 2357 189 2422 15
213 2365 344 2427 relativi.
361 2366 507 2425 Mensura
524 2372 596 2444 post
611 2385 676 2426 rem
694 2375 743 2427 est
760 2366 885 2445 triplex:
901 2366 1051 2445 efficiens,
1068 2365 1222 2444 formalis,
1240 2366 1360 2426 instm·

215 2482 367 2543 mentalis.
397 2481 542 2543 Efficiens
572 2482 701 2562 triplex:
734 2484 878 2561 daemon,
910 2485 1015 2562 homo,
1043 2485 1175 2545 brutum.
1203 2483 1357 2546 Formalis

214 2601 342 2682 triplex:
361 2622 483 2681 seusus,
502 2602 594 2681 ratio,
617 2604 803 2664 intellectus.
824 2604 1073 2664 Instmmentalis
1094 2603 1223 2682 triplex:
1250 2603 1357 2682 prima,

214 2718 328 2792 media,
343 2719 491 2798 proxima.
510 2719 615 2781 Prima
631 2721 875 2782 instrumentalis
892 2721 1016 2800 triplex:
1036 2720 1161 2799 digitus,
1177 2720 1293 2799 palma,
1312 2740 1359 2780 cu-

214 2838 307 2898 bitus.
325 2839 430 2900 Media
456 2839 582 2919 triplex:
612 2840 756 2917 circinus,
780 2860 899 2918 norma,
922 2839 1183 2920 perpendiculum.
1212 2839 1356 2898 Proxima

146 2950 190 3012 ‘20
213 2953 338 3034 triplex:
351 2962 505 3035 punctum,
517 2964 611 3034 recta,
627 2956 766 3018 circulus.
783 2957 900 3017 Harum
919 2976 1079 3018 mensurae
1091 2955 1262 3035 specierum
1277 2955 1357 3015 aliae

212 3081 283 3133 snut
298 3073 545 3152 metaphysicae,
564 3074 642 3135 aliae
660 3075 820 3153 physicae,
835 3075 914 3135 aliae
931 3073 1175 3135 mathematicae.
1190 3072 1358 3133 Mathema-

213 3192 340 3251 ticarnm
362 3192 401 3252 de
420 3193 519 3272 prima
543 3193 769 3254 instrumentali
790 3191 922 3253 diximus
949 3192 980 3251 in
1008 3191 1145 3270 proxime
1172 3191 1357 3270 praeceden-

211 3307 295 3368 tibus
321 3308 423 3385 libris;
453 3329 644 3387 consequens
664 3318 764 3372 estut
782 3309 820 3370 dc
838 3309 941 3369 media
961 3316 1053 3385 atque
1067 3308 1217 3388 proxima,
1237 3309 1357 3370 circaue

211 3424 343 3487 mediam
368 3433 459 3503 atque
481 3427 662 3505 proximam,
687 3428 743 3487 sub
766 3428 851 3488 scala
871 3437 903 3488 et
924 3425 1067 3505 analogia
1083 3426 1246 3486 multarum
1274 3446 1356 3488 men·

145 3536 188 3600 ‘25
212 3562 302 3602 surae
318 3541 470 3602 rationum
489 3545 740 3623 contemplemur.

291 3659 426 3722 tLinea
443 3660 626 3721 brevissima
654 3661 734 3722 inter
761 3661 821 3722 duo
848 3668 961 3739 puncta
989 3669 1080 3737 atque
1107 3667 1193 3720 recta
1218 3659 1355 3720 vicissim

212 3780 426 3859 comprobant,
443 3780 557 3841 rectior
572 3780 646 3841 item
664 3789 756 3859 atquc
772 3781 905 3842 brevior.
933 3781 1021 3841 Inter
1042 3780 1101 3840 duo
1129 3788 1242 3859 puncta
1259 3779 1356 3840 inlini·

211 3904 261 3957 tae
279 3896 406 3975 produci
422 3906 553 3978 possunt
565 3918 686 3958 curvae.
704 3897 755 3958 Sic
772 3919 832 3958 una
848 3906 940 3975 atque
958 3897 1088 3976 simplex
1106 3905 1138 3958 et
1154 3896 1354 3959 brevissimae

210 4015 464 4093 apprehensionis
483 4022 532 4076 est
548 4016 677 4092 veritas,
701 4015 821 4077 falsitas
838 4035 912 4077 vero
930 4013 1104 4095 multiplex,
1127 4015 1259 4096 prolixa,
1277 4015 1354 4076 diffi-

144 4128 189 4193 30
211 4129 292 4209 cilis,
329 4131 449 4207 qualem
487 4131 687 4210 sophisticam
711 4133 912 4210 geometriam
944 4152 1011 4192 cum
1038 4132 1108 4192 aliis
1139 4131 1354 4211 philosophiae

212 4252 349 4332 partibus
367 4271 437 4313 esse
454 4251 602 4314 videmus.

218 4395 259 4402 ...-
413 4394 1353 4404 ——--.—-—-—-—-—-——-—-——

303 4463 334 4511 at
351 4463 448 4513 sclicla
