3428 5138
678 434 722 481 nn
743 433 907 480 urnusvan.
1302 412 1360 475 323

219 591 385 671 ripheriam
413 592 508 652 costis
526 592 715 667 constitutis,
733 589 826 651 tertio
847 589 945 650 altera
961 590 1095 665 illarum,
1119 595 1227 667 quarto
1245 589 1356 666 angulo

219 707 287 786 ipso
305 708 510 787 peripheriam
528 707 710 785 attingente.

300 823 318 870 ‘l
339 825 390 886 Sic
404 834 436 887 at
452 826 563 902 angulo
580 825 700 886 interno
722 824 880 903 aequalem
901 825 940 884 ab
961 823 1106 884 extremis
1128 823 1267 902 partibus
1285 823 1360 883 exci-

221 942 290 1020 pies
305 948 436 1020 ntroque
453 942 581 1003 ulterius
598 942 695 1002 latere
710 941 858 1020 producto
878 949 910 1000 et
927 948 1032 1000 centro
1052 940 1084 999 in
1104 940 1172 1018 ipso
1191 936 1302 1016 angulo
1317 958 1362 999 re-

178 1062 199 1126 5
223 1069 312 1140 cepto
336 1063 570 1139 quanticumque
598 1062 715 1134 circuli,
739 1062 790 1138 qui
812 1083 830 1122 a
850 1062 990 1123 terminis
1016 1061 1101 1122 basis
1129 1061 1160 1120 in
1187 1059 1363 1140 peripheria

221 1182 393 1260 designatis
424 1184 454 1243 in
487 1190 624 1243 centrum
649 1180 850 1242 refluentibus
875 1181 973 1241 radiis
1005 1188 1197 1260 asportatum
1219 1178 1362 1257 angulum

222 1300 408 1363 adservabit.

668 1672 820 1738 cAPVu
853 1671 917 1735 IX.

673 1931 912 1976 DISCVNEATOR.

688 2104 801 2154 Angulum
818 2105 902 2145 blanco.

311 2321 475 2385 Finditur
493 2321 531 2385 in
549 2319 705 2406 geminas
721 2325 836 2406 partes
853 2318 953 2386 facile
972 2321 1120 2406 angulus
1141 2344 1270 2407 aequas

223 2438 265 2502 In
282 2437 445 2523 triquetri
464 2436 611 2525 speciem
631 2437 784 2523 migrans
804 2436 846 2501 de
865 2436 1022 2503 cruribus
1042 2438 1172 2523 aequis,

223 2553 315 2640 Ergo
336 2576 437 2638 (luem
456 2554 500 2620 ad
519 2553 674 2619 Charites
694 2553 868 2619 Hermetis
887 2552 947 2619 dat
965 2554 1037 2637 via,
1057 2553 1154 2639 queis
1173 2553 1255 2619 hinc

224 2669 421 2757 Reppertus
440 2678 532 2736 recto
552 2670 592 2734 fit
611 2670 750 2735 tramite
770 2669 908 2736 iunctus
927 2670 1069 2756 Apollo,

159 2779 201 2845 15
225 2784 263 2850 Si
281 2785 362 2851 base
381 2785 527 2851 donetur
547 2808 614 2871 qua
633 2787 789 2872 aequalia
809 2809 909 2852 crura
928 2792 1095 2875 reportet,

224 2901 357 2989 Nempe
375 2902 425 2968 ita
443 2903 499 2968 vel
518 2911 647 2969 crescat
666 2926 785 2989 quase
805 2926 840 2969 se
859 2903 1014 2969 extendit
1034 2901 1163 2990 Apollo

223 3018 280 3085 Ad
298 3017 538 3105 Ganymedeas
557 3042 634 3086 oras
652 3020 708 3085 vel
727 3021 769 3105 (si
788 3020 887 3100 libet)
906 3021 1067 3103 Hermes,

223 3134 266 3200 In
285 3135 422 3201 Baccho
440 3135 596 3220 aequatis
616 3143 754 3202 maneat
773 3159 851 3202 cum
869 3136 1032 3223 Apolline
1052 3137 1180 3223 signis;

225 3249 310 3315 Inda
329 3250 459 3316 bisecta
479 3252 571 3318 basis
590 3253 702 3318 medio
722 3274 927 3339 consurgere
946 3261 1076 3340 puncto

159 3372 204 3436 20
226 3366 289 3432 Est
307 3368 399 3455 potis
418 3369 462 3434 ad
480 3369 655 3436 Charitcm
675 3393 694 3436 a
713 3370 852 3456 punctis
872 3370 965 3435 Iovis
984 3378 1088 3457 atquc
1108 3369 1251 3434 Dianae.
1345 3398 1368 3435 10

307 3651 462 3728 Angulum
479 3652 563 3711 iuxta
586 3652 715 3730 primam
730 3657 820 3727 atque
838 3650 1002 3711 sectandam
1019 3648 1274 3726 significationem
1291 3648 1370 3708 insa-

227 3768 355 3828 nabilem
373 3770 487 3844 absqne
505 3769 714 3829 controversia
730 3767 902 3845 definitum,
921 3768 1006 3827 iuxta
1020 3765 1144 3827 tertiam
1171 3763 1369 3843 significatio·

227 3903 296 3945 nem
312 3883 509 3946 bisecabilem
527 3883 675 3945 duntaxat
689 3885 815 3962 agnovit
832 3884 977 3944 Euclides
995 3892 1086 3961 atqua
1105 3902 1172 3957 n0s;
1198 3883 1203 3962 l
1222 3881 1367 3959 angulum
1380 3866 1527 3948 p.183

227 4023 301 4064 vero
319 4003 349 4062 iu
367 4010 474 4079 quarto
490 4000 661 4079 significato
678 4002 950 4082 proportionaliter
967 4011 1057 4078 atque
1075 4001 1120 4060 illi
1139 3999 1310 4061 subiectum
1326 3998 1368 4058 la·

161 4119 206 4185 25
228 4126 279 4180 tus
295 4118 548 4179 multisecabilsm
569 4119 746 4198 accipimus,
760 4120 832 4181 etin
851 4139 887 4180 eo
906 4117 1004 4179 omnis
1021 4136 1181 4178 mensurae
1204 4113 1369 4195 persentio-

227 4254 297 4296 nem
314 4233 513 4313 singulariter
524 4254 593 4297 esse
606 4236 696 4297 sitam
710 4258 770 4297 non
784 4245 833 4299 est
846 4237 897 4314 qui
909 4256 977 4297 cum
986 4236 1106 4296 ratione
1117 4232 1216 4314 possit
1228 4231 1368 4292 inficiari.

893 4379 972 4386 .-—-
987 4378 1037 4385 -..
1046 4378 1092 4385 ....,..
1106 4370 1363 4383 ---,.----ι

321 4451 352 4501 21
370 4448 504 4516 Angulns
