3428 5138
630 427 675 471 DE
695 428 806 474 ututur
829 426 1034 472 nursinum.

708 802 861 867 norun
895 802 960 866 m.
1429 827 1469 888 p.
1489 812 1539 874 11

320 980 353 1018 Ex
368 978 470 1030 proximo
484 978 550 1019 dictis
564 979 706 1019 concluditur
721 985 815 1020 mortum
830 981 858 1020 nd
873 981 974 1030 corporis
988 980 1138 1020 subamarum
1154 991 1199 1019 non
1216 981 1344 1030 portinere,

650 1050 765 1102 muttoquo
779 1053 854 1092 minuo
869 1051 897 1091 sd
912 1053 1021 1092 antinum.

352 1261 370 1325 Ι
388 1282 481 1326 nunc
504 1260 610 1326 stulte
628 1259 740 1346 minas
759 1244 880 1327 mortis
898 1261 1078 1348 fatumque
1098 1263 1234 1346 timeto,

220 1376 240 1438 ὃ
264 1377 339 1444 Non
362 1375 481 1442 audite
499 1373 618 1440 ferunt
634 1373 743 1439 Samii
762 1397 858 1440 sacra
876 1376 983 1441 verbo
1001 1377 1168 1464 parentis,

263 1492 281 1556 Ι
299 1491 435 1578 trepida
454 1489 498 1556 ad
516 1511 617 1555 voces
636 1489 836 1575 stultorum,
853 1497 888 1556 et
906 1493 1040 1558 somnia
1060 1493 1157 1579 vulgi

262 1607 419 1674 Fatalem
435 1605 610 1671 incutiant
625 1612 807 1690 terrorem,
826 1607 872 1672 sis
892 1607 992 1693 quasi
1010 1631 1090 1674 vere

263 1726 490 1812 Compactum
509 1721 674 1807 quiddam
693 1723 885 1791 consistens
904 1726 1063 1813 pertibus
1082 1727 1183 1792 hisee.

262 1841 320 1907 An
339 1861 409 1906 non
428 1839 506 1927 ipsa
522 1838 633 1904 fluens
651 1839 748 1904 vario
769 1862 846 1905 cum
862 1847 1017 1929 tempore
1036 1844 1165 1931 raptim

199 1961 241 2025 10
266 1959 440 2024 Continuo
464 1963 599 2024 mutata
618 1958 716 2024 venit
734 1957 777 2022 de
795 1959 954 2045 pertibus
972 1959 1065 2025 ultro

261 2077 415 2143 Adscitis
432 2077 582 2160 noviter,
601 2075 724 2163 primis
740 2076 949 2162 abeuntibu'¹
971 2078 1097 2144 moles?

261 2191 430 2279 Nunquid
445 2191 606 2258 materies
625 2191 744 2257 eadem
762 2196 823 2256 tuo
844 2192 996 2278 corporis
1020 2197 1071 2257 est
1087 2214 1181 2257 nunc

261 2309 425 2375 Portibus
442 2315 586 2392 actutu,
608 2307 720 2393 qualis
738 2309 842 2395 paulo
861 2307 975 2373 adfuit
994 2308 1095 2374 ante?

263 2427 355 2493 Num
371 2427 470 2514 puori
489 2426 547 2491 ille
565 2425 656 2491 idem
675 2427 830 2512 sanguis,
850 2448 929 2492 caro
948 2434 983 2492 et
1000 2450 1076 2494 ossa
1095 2426 1249 2493 adolenti

197 2551 239 2612 15
263 2543 520 2610 Constiterant?
540 2544 596 2609 An
616 2566 687 2609 non
704 2544 802 2610 varin
818 2566 905 2630 nque
924 2544 1037 2611 aliena
1053 2545 1129 2611 viro
1149 2552 1231 2611 sunt

263 2659 408 2725 Omnia?
429 2659 552 2727 Nonne
569 2657 685 2724 fluunt
705 2658 858 2724 membro
878 2665 982 2745 etque
1001 2667 1130 2725 novato
1149 2659 1320 2725 reiectant

262 2777 493 2864 Absumptum
513 2777 661 2866 speciem
681 2778 790 2861 (velut
805 2799 939 2863 ungues
958 2785 1062 2865 utque
1082 2778 1200 2866 capilli

264 2894 431 2961 Sensibus
450 2893 643 2977 insinuent)
664 2893 774 2959 centri
793 2915 863 2959 una
882 2893 1108 2960 continuante

263 3013 397 3079 Nature
415 3013 452 3077 in
470 3011 582 3078 cordis
602 3010 728 3094 medic,
748 3018 862 3077 totum
880 3009 1100 3077 moderamen

198 3131 242 3195 20
266 3130 309 3195 In
327 3151 431 3214 quam
447 3135 486 3194 tu
502 3127 643 3212 referas,
665 3149 820 3213 quaeque
838 3127 911 3214 ipse
931 3134 966 3192 et
984 3150 1073 3193 uuus
1092 3134 1127 3192 et
1146 3127 1237 3193 idem
1256 3151 1305 3211 eS,

264 3246 441 3334 Perpetim
461 3245 587 3311 effectu
603 3244 701 3311 vorio
718 3243 974 3330 quantumlibet
991 3243 1108 3311 adsint

265 3365 474 3429 Innumerae
497 3362 627 3428 nircum
646 3361 783 3444 turbae,
803 3383 968 3447 casusque
987 3360 1144 3426 suborti?

264 3478 365 3544 Illam
385 3478 482 3543 illam
498 3484 537 3542 tu
556 3483 591 3542 te
611 3499 682 3542 esse
701 3475 804 3560 scias,
824 3476 1043 3563 mediumque
1062 3483 1179 3542 tenore
1198 3485 1233 3541 et
1388 3506 1413 3544 so

264 3595 483 3678 Extremum,
501 3600 535 3658 ct
552 3599 693 3659 cunctas
712 3600 843 3680 partes,
864 3591 937 3658 sine
956 3593 1114 3680 partibus
1133 3592 1229 3674 ullis;

199 3719 242 3783 25
266 3711 372 3777 Cuius
391 3710 447 3775 vel
467 3708 663 3792 minimum,
684 3716 745 3773 urit
764 3707 898 3773 nullum
917 3716 969 3774 est
988 3708 1183 3775 substantia
1203 3730 1327 3796 eorpus

267 3827 378 3905 Quem
399 3848 469 3891 nen
489 3824 661 3890 discindet
678 3824 818 3890 naturai
838 3824 908 3890 ullo
927 3832 1094 3912 potestas,

266 3942 429 4008 Fulmina
448 3964 551 4027 quom
571 3962 642 4005 non
661 3938 863 4026 oiltingunt,
884 3963 988 4026 qnam
1007 3941 1148 4029 cuspide
1170 3941 1329 4007 flammae

266 4056 345 4122 Non
364 4056 497 4123 violant
516 4062 682 4138 atumem,
703 4078 764 4121 ceu
783 4079 846 4122 nec
862 4056 1051 4144 primordia
1071 4058 1167 4142 queis
1187 4064 1239 4122 est
1388 4085 1415 4124 ss

266 4173 492 4261 Compactum
511 4195 648 4261 corpus;
668 4194 813 4260 quorum
833 4176 943 4241 solum
964 4175 1046 4241 ordo
1062 4174 1225 4261 locusque
1432 4196 1471 4257 p.
1491 4179 1550 4242 12

200 4300 245 4362 30
267 4291 450 4378 Partisque
470 4290 620 4356 officium
640 4312 775 4378 sempor
793 4291 986 4377 veriuntur,
1007 4300 1041 4358 ct
1058 4301 1171 4357 exstat

266 4405 415 4470 Inrmotu
434 4406 575 4472 omnino
593 4427 708 4473 rorum
727 4406 923 4474 substantia
943 4407 1101 4497 simplex.
