3428 5138
471 447 626 494 Annum
646 448 817 494 ADVERSVS
837 448 1103 494 uarnuunrlcos
1310 433 1349 492 21

214 623 352 692 Amoris
375 625 486 711 figura
510 633 745 714 nuncupatur,
769 624 1048 712 quandoquidem
1067 623 1262 691 substantia
1280 623 1357 689 uni-

214 749 306 817 versi
328 756 404 816 tum
431 751 606 818 contraria
633 757 697 835 est,
722 758 799 817 tum
822 772 959 835 quoque
988 770 1144 833 concors,
1173 752 1294 834 utpote
1317 748 1355 814 iu

213 874 458 942 contrarietate
469 862 688 943 concordiam
704 882 739 941 et
754 875 792 941 in
811 873 994 943 concordia
1013 873 1303 954 contrarietatem,
1316 872 1355 937 in

211 1000 341 1066 unione
362 1000 623 1069 distinctionem
646 1003 684 1068 in
707 1001 932 1068 distinctione
954 999 1131 1082 unionem,
1156 997 1195 1063 in
1216 997 1355 1064 unitate

168 1130 191 1195 ὅ
212 1129 471 1196 multitudinem
490 1131 528 1196 in
546 1129 771 1197 multitudine
789 1129 960 1197 unitatem
975 1133 1143 1216 perpetuo
1163 1146 1354 1192 reservans.

212 1251 514 1321 Foecundissimae
532 1262 614 1321 sunt
631 1255 778 1341 figurae,
796 1276 883 1341 quae
897 1276 967 1321 non
986 1252 1098 1319 solum
1113 1249 1354 1339 geometriam,

212 1376 272 1443 sed
290 1384 325 1443 et
343 1400 480 1445 omnem
498 1379 643 1464 sciendi,
662 1379 920 1468 contemplandi
943 1385 978 1446 et
996 1377 1162 1467 operandi
1185 1376 1356 1442 rationem

212 1503 369 1591 apprime
391 1503 561 1591 referunt,
586 1504 712 1591 quibus
731 1512 824 1571 certe
841 1505 916 1570 sine
935 1506 940 1589 Ι
961 1502 1099 1569 defectu
1117 1523 1189 1568 non
1207 1506 1356 1589 possunt
1379 1505 1475 1568 Μ’·

212 1654 285 1698 esse
303 1632 482 1719 pauciores
505 1640 541 1699 et
559 1634 837 1720 supervacuitate
860 1634 986 1721 plures.
1010 1632 1054 1698 In
1076 1632 1356 1720 praesentiarum

146 1762 190 1827 10
211 1763 328 1824 autem
350 1758 609 1825 evidentissime
626 1759 810 1847 apparebit
830 1781 900 1825 non
919 1759 1031 1826 solum
1049 1743 1260 1845 geometriae
1281 1759 1356 1824 nul·

210 1884 284 1952 lum
302 1907 401 1974 opus,
421 1885 480 1954 aad
499 1909 563 1953 neo
581 1887 686 1953 etiam
701 1888 883 1953 universae
898 1886 1090 1954 matheseos
1106 1887 1195 1953 citra
1209 1887 1356 1953 istarum

211 2031 368 2077 normam
386 2034 486 2099 posse
497 2012 649 2079 inveniri
660 2012 716 2078 vel
728 2012 927 2099 imaginari,
940 2017 975 2077 et
988 2016 1237 2098 consequenter
1247 2017 1356 2078 caete·

211 2159 331 2205 rarum
345 2160 450 2226 opera
468 2138 675 2206 facultatum
693 2145 729 2204 et
744 2139 887 2223 artium,
905 2160 993 2226 quae
1011 2160 1083 2204 non
1102 2137 1177 2204 sine
1191 2136 1354 2221 mathesi,

211 2265 303 2333 sicut
314 2272 406 2332 certe
417 2288 481 2332 nec
495 2286 717 2333 numerorum
733 2264 928 2332 rationibus
944 2286 1151 2351 suorumque
1166 2268 1354 2330 momento-

146 2400 188 2466 15
210 2411 289 2458 rum
307 2390 622 2478 magnitudinibus,
641 2391 846 2460 consistunt.

565 2564 717 2652 Figurae
736 2565 865 2631 Mentis
883 2571 966 2632 nota
985 2564 1028 2652 Θ

567 2693 717 2780 Figurae
736 2693 937 2760 Intellectus
959 2694 998 2781 ᾖ)

566 2816 717 2903 Figurae
736 2818 875 2885 Amoris
899 2828 933 2895 st(
958 2880 968 2897 ,

671 3138 725 3193 oa
748 3138 904 3195 uncino.

494 3289 775 3367 MEMBRVM
816 3287 1073 3365 TERTIVM.

608 3549 803 3616 Aarrcvuvs
824 3567 956 3614 rmuvs.

299 3750 504 3839 Ignorantia
527 3753 663 3819 minimi
686 3752 771 3818 facit
793 3759 986 3840 geometras
1009 3752 1112 3820 huius
1135 3752 1263 3819 saeculi
1281 3776 1354 3820 esse

210 3887 420 3969 geometras,
440 3890 475 3949 et
492 3883 714 3972 philosophos
730 3907 802 3950 esse
815 3884 1046 3973 philesophos.
1066 3887 1096 3950 2.
1112 3884 1151 3951 Si
1168 3885 1352 3953 minimum

212 4034 283 4081 non
301 4015 474 4101 subsistit,
493 4017 582 4083 nihil
601 4018 767 4086 subsistat
786 4027 931 4107 oportet.
950 4021 981 4085 3.
999 4019 1037 4085 Si
1056 4018 1238 4086 minimum
1258 4029 1351 4088 certa

146 4147 190 4213 25
213 4139 349 4207 ratione
382 4162 453 4208 non
485 4150 726 4230 cognoscatur,
758 4153 926 4230 quantum
956 4145 1090 4211 nullum
1124 4152 1353 4232 cognoscatur

304 4402 455 4472 'lopramli
520 4407 742 4458 lucanicarum
