3428 5138
331 417 389 474 190
631 429 772 477 ionum
790 429 892 475 naum
912 430 957 474 uu
977 429 1112 485 nimbo,
1135 430 1168 474 11.

325 585 492 663 requiritur
507 592 573 646 tum
590 585 707 664 puncti,
724 592 789 645 tum
808 585 1071 646 innumerabilium
1087 595 1278 665 punctorum,
1297 595 1362 646 tum
1379 587 1468 664 sigil-

327 703 413 763 latim
431 703 564 763 omnium
580 702 620 763 ad
638 721 744 762 omnes
761 711 793 761 et
812 701 852 761 ad
869 710 1005 762 centrum
1026 701 1132 763 debita
1147 712 1238 780 atque
1254 712 1386 782 aequata
1407 704 1474 767 dis·

327 819 440 899 positio
457 819 636 897 manifesta,
655 838 759 881 eorum
775 819 898 896 inquam
917 839 995 896 quae
1015 820 1108 896 vulgo
1128 819 1257 897 infinita,
1279 821 1369 882 nobis
1390 841 1468 882 vero

327 936 485 998 indefinita
502 938 672 1016 capiuntur.

283 1059 304 1122 5
406 1070 423 1118 t
447 1054 664 1133 Peripateticis
687 1054 816 1114 aliaest
839 1054 976 1132 potentia
1002 1074 1080 1131 quae
1098 1054 1241 1114 circulum
1268 1055 1380 1133 cernit,
1404 1056 1470 1115 alia

327 1190 403 1247 quae
416 1170 454 1231 de
465 1171 531 1231 eius
549 1171 682 1232 veritate
698 1169 834 1246 ambigat
850 1177 883 1229 et
898 1167 1035 1246 definiat,
1048 1188 1102 1228 eeu
1112 1189 1191 1245 quae
1202 1169 1308 1231 videre
1322 1190 1358 1230 sa
1370 1171 1470 1231 circu·

326 1286 388 1346 lum
399 1286 521 1347 indicet.
537 1286 583 1345 Ea
599 1286 735 1346 secunda
746 1285 904 1360 iacnlltas,
928 1305 1015 1361 quam
1029 1304 1152 1345 sensnm
1167 1284 1344 1347 interiorem
1361 1286 1468 1366 appel·
1492 1303 1535 1365 p.
1551 1288 1627 1352 5²7

326 1402 427 1480 litant,
455 1422 516 1463 non
538 1403 624 1462 addit
646 1403 836 1479 intenditque
858 1401 968 1478 lucem,
987 1401 1044 1463 aed
1071 1402 1151 1463 circa
1178 1423 1243 1463 eam
1265 1403 1471 1481 qualemcum-

326 1541 385 1597 que
403 1520 596 1582 collationem
607 1518 876 1597 reflexionemque,
887 1517 1053 1580 secundum
1063 1539 1174 1598 nempe
1186 1529 1287 1581 actum
1301 1522 1466 1600 quendam,

262 1639 304 1702 10
326 1649 457 1702 exercet.

404 1771 421 1818 a
442 1756 587 1817 Potentia
604 1755 711 1825 omnis,
729 1774 806 1830 quoe
825 1754 972 1833 deinceps
990 1753 1089 1816 visum
1113 1757 1322 1835 consequitur,
1340 1759 1400 1818 sub
1425 1760 1469 1818 in·

326 1875 403 1936 diois
416 1875 525 1936 montis
542 1873 662 1934 nomine
681 1872 849 1948 vulgariter
867 1873 1067 1950 significatur.

768 2257 921 2323 CAPVT
955 2258 1018 2321 ΙΙΙ.

457 2448 584 2490 Scmtttvao
597 2450 749 2496 cxtcrnacquc
761 2445 876 2497 potentiae
887 2448 922 2485 eat
933 2446 1005 2496 primo
1017 2445 1128 2487 circulum
1140 2447 1324 2497 apprchendere.

258 2690 299 2753 15
330 2658 348 2675 ⁶
411 2677 544 2744 Definit
563 2675 697 2762 cyclum
715 2678 853 2736 tantum
872 2692 977 2735 mens.
994 2670 1102 2736 Porro
1120 2671 1233 2757 figura

322 2798 419 2863 illius
436 2794 585 2861 exterior
603 2786 843 2855 tantummodo
862 2786 1018 2853 sensibus
1037 2794 1119 2874 apta
1138 2796 1204 2872 cst,

323 2916 498 2993 Quantum
517 2906 669 2996 aptanda
686 2904 800 2986 venit,
818 2910 979 2968 constans
997 2909 1207 2990 quapropter
1225 2927 1344 2972 corum

321 3031 504 3096 Obieotum
517 3021 709 3112 reputanda
728 3019 850 3105 magis3
866 3041 947 3084 nam
963 3018 1084 3083 deinde
1096 3042 1158 3104 per
1172 3022 1332 3089 umbram
1344 3024 1434 3091 hano

321 3143 530 3211 Phantasiae
550 3163 670 3227 capere
690 3145 755 3217 ost,
772 3136 960 3201 condensas
977 3157 1105 3221 perque
1124 3138 1293 3203 tenebras.

255 3270 299 3333 20
321 3264 353 3329 N
356 3286 401 3328 on
417 3260 503 3327 mihi
521 3265 593 3323 tam
613 3257 699 3321 benc
719 3254 759 3318 fit
778 3251 939 3318 distantis
958 3251 1072 3336 imago
1088 3254 1244 3337 parentis

321 3380 446 3462 Obvia,
467 3398 570 3463 quam
589 3373 702 3439 fuerat
721 3367 912 3457 praesentis
930 3366 1126 3452 hypostasis
1146 3389 1213 3433 ore.

321 3494 529 3563 Phantasiae
548 3490 672 3555 iccirco
692 3483 880 3552 sublambit
898 3482 1060 3568 imaginis
1076 3483 1249 3569 umbram,

323 3615 433 3692 Quam
453 3609 574 3676 molius
593 3604 745 3669 referant
765 3597 948 3679 insomnia,
970 3596 1105 3681 quaudo
1125 3596 1260 3663 fidelem

321 3731 401 3796 Non
419 3727 556 3792 turbare
573 3720 657 3788 sinit
676 3716 822 3805 spccicm
841 3712 996 3797 requieta
1014 3711 1160 3776 facultas

255 3861 298 3923 ‘25
321 3845 459 3928 Affinis,
479 3840 576 3909 vario
595 3858 706 3921 necque
724 3833 764 3898 fit
783 3831 971 3896 distractus
991 3835 1115 3911 agente

322 3966 462 4046 Sensus,
483 3966 519 4024 at
538 3956 710 4022 obice-tum
727 3949 862 4033 integre
881 3968 916 4009 se
936 3942 1087 4007 obvertit
1105 3942 1142 4005 in
1160 3963 1267 4007 unuin

321 4079 483 4162 Interior,
505 4072 652 4139 nihilum
670 4064 877 4155 proprioque
896 4059 1072 4145 adspectat
1089 4056 1126 4120 in
1146 4056 1240 4140 orbo,

321 4201 567 4278 Praeterquam
587 4183 736 4251 cxtcrnis
753 4178 843 4265 quod
860 4172 1076 4260 conceptavit
1095 4169 1137 4235 ab
1157 4171 1225 4235 oris

1066 4333 1094 4338 -.
1107 4332 1134 4338 ..-
1158 4331 1319 4339 --—-..--
1330 4334 1449 4346 -—-—-

413 4457 444 4505 ‘22
454 4457 531 4517 J'orse
547 4451 726 4504 phantasia?
