3428 5138
671 433 716 478 eu
735 434 900 479 numum.

210 589 273 656 Sat
292 589 377 654 mihi
396 590 426 655 si
446 589 590 655 extremi
609 590 741 676 gemini
760 590 841 656 data
861 591 959 678 eopia
978 599 1128 676 tantnm3

208 707 396 774 Parthenio
416 706 587 793 siquidem
605 706 722 795 praxis
741 707 831 774 ratio
850 713 954 794 atque
972 709 1143 797 Melampu
1163 716 1223 776 cst.
1341 739 1353 778 a

288 951 381 1011 Ratio
399 949 489 1011 huius
505 951 724 1028 possibilitatis
742 959 804 1031 est,
823 953 894 1029 quia
912 973 1017 1014 omnes
1030 954 1135 1031 anguli
1151 954 1228 1013 recti
1247 962 1278 1014 et
1293 951 1353 1012 iso·

212 1067 318 1129 seeliei
338 1076 410 1128 sunt
430 1069 582 1145 aequales.
602 1069 720 1131 Sufficit
735 1090 808 1149 erge
822 1073 969 1150 trianguli
987 1072 1166 1134 conficiendi
1181 1092 1272 1133 unum
1288 1072 1355 1134 sub·

165 1175 186 1239 5
213 1193 343 1247 stratum
361 1206 430 1247 esse
451 1187 546 1264 letus;
569 1189 639 1264 quia
660 1187 719 1248 due
741 1190 846 1266 anguli
863 1196 896 1250 et
916 1211 1007 1250 unum
1024 1190 1106 1250 latus
1123 1190 1270 1268 trianguli
1291 1210 1357 1270 spe·

215 1308 292 1369 clem
309 1308 458 1369 definiunt
476 1320 566 1388 atque
583 1317 778 1372 momentum.

670 1717 825 1784 OAPVT
853 1718 914 1784 VI.

684 1986 889 2031 APPLICATIO.

476 2134 506 2174 ln
521 2145 548 2172 cx
565 2134 636 2173 lrlbur
651 2133 711 2173 datia
725 2133 793 2173 reclls
808 2133 947 2182 triangulum
962 2142 1086 2181 compone,
1116 2112 1119 2117 ¹

431 2225 527 2264 quarum
542 2213 657 2264 quaelibet
672 2214 730 2254 duae
745 2216 798 2254 runt
812 2214 909 2254 urulorca
924 2224 970 2253 unu
984 2211 1130 2262 compositae.

300 2452 466 2538 Troiaque
479 2450 565 2517 mihi
576 2455 689 2515 rectae
699 2447 743 2515 ad
755 2448 965 2533 triquetrum
982 2446 1011 2511 si
1027 2445 1163 2531 quande
1178 2444 1354 2511 dabuntur
1367 2460 1407 2521 p.
1417 2444 1513 2508 194

211 2569 454 2654 Cenfiandum,
472 2575 533 2634 aut
551 2566 693 2632 rcuieut
712 2566 886 2651 aequalem
907 2569 1058 2648 tuncque
1077 2562 1143 2627 erit
1162 2585 1251 2627 unus

211 2686 407 2753 Servandus
426 2684 544 2750 radius
562 2683 699 2748 radium
718 2682 779 2767 qui
798 2682 965 2766 attingat,
986 2686 1020 2745 et
1039 2701 1138 2744 arcus

209 2803 358 2888 Aequali
378 2801 518 2867 innixus
538 2800 695 2882 chordae,
717 2799 772 2864 cui
791 2797 960 2863 terminus
978 2797 1065 2862 alter

146 2917 187 2982 15
210 2920 350 2986 Defluat
370 2920 407 2984 in
427 2926 596 3000 centrum3
616 2940 717 3004 perro
737 2917 767 2982 si
785 2916 878 2981 linea
898 2920 1035 2980 tantum

211 3038 241 3103 Ε
259 3037 373 3103 tribus
392 3059 461 3102 una
480 3035 577 3102 venit
596 3058 667 3101 nen
687 3055 794 3119 aequa
812 3032 941 3115 oblata,
958 3052 1086 3117 repone
1104 3028 1194 3095 hanc

212 3151 300 3237 Gyri
319 3151 520 3216 subtensum
539 3150 644 3237 parti,
666 3149 762 3215 cuius
782 3147 899 3213 radius
918 3146 964 3211 sit

211 3267 376 3354 Aequalis
395 3266 543 3353 geminis
562 3266 717 3353 paribus,
739 3264 902 3350 quonium
921 3263 1013 3329 basis
1033 3269 1113 3350 apte

212 3386 307 3471 Gyre
326 3405 496 3472 apprensa
515 3384 612 3450 venit
632 3383 737 3448 radiis
757 3404 958 3469 comprensa
977 3380 1122 3462 euobis,

144 3506 189 3569 ‘20
212 3505 257 3568 Et
276 3502 424 3568 laterum
444 3503 579 3569 intente
598 3526 760 3568 numerus
780 3500 1040 3589 percemmedus
1060 3499 1144 3581 exit;

210 3620 319 3685 Linea
338 3619 368 3683 si
387 3641 468 3684 vere
488 3618 616 3705 triplex
634 3617 778 3683 effertur
797 3617 931 3702 iniqua,

211 3735 308 3800 Tune
327 3733 437 3799 maier
456 3732 544 3820 cycli
563 3732 679 3798 radius
698 3733 764 3798 tibi
784 3733 842 3798 fiet
863 3739 896 3797 ct
916 3733 976 3797 ille

211 3852 306 3927 Quae
325 3849 437 3916 media
457 3854 508 3914 cst
528 3849 617 3935 cycli
637 3849 695 3937 qui
716 3850 762 3915 sit
782 3849 1019 3915 cenccntricus
1039 3848 1104 3929 illi3

211 3968 369 4054 Namque
387 3968 448 4033 ubi
468 3968 509 4033 dc
529 3976 681 4034 extreme
701 3968 790 4033 radii
809 3968 951 4033 declivis
971 3968 1007 4032 111
1027 3967 1141 4033 orbem

146 4088 189 4152 25
214 4085 395 4151 Internum
415 4085 531 4150 veniet
552 4109 639 4170 (quae
658 4086 759 4151 tertia
782 4086 818 4151 in
838 4085 957 4151 urdine
975 4094 1111 4172 surnpta
1130 4094 1194 4166 est,

212 4203 377 4269 Occurrct
397 4210 526 4288 puncto
546 4203 642 4268 radio
662 4203 846 4268 mediantis
866 4203 902 4267 in
923 4203 990 4267 ille.

302 4464 319 4514 3
335 4480 372 4527 aq.
388 4462 541 4514 Iseehelici
