3428 5138
356 376 415 435 ‘206
659 390 799 436 mansur
818 389 919 434 aaran
940 389 984 433 nu
1004 386 1139 449 umine,
1161 384 1195 431 11.

437 562 453 609 'l
473 557 518 616 16.
533 555 632 616 Nobis
644 574 762 631 quoque
773 553 928 614 minimum
939 553 1031 613 etiam
1042 553 1072 611 in
1084 551 1192 612 eodem
1203 548 1339 610 subiecto
1354 548 1500 608 diversae

357 671 441 733 vices
458 671 652 751 distinguunt
672 679 703 733 et
724 670 876 749 actiones,
895 679 929 732 ut
954 691 1015 730 nou
1032 669 1081 729 bis
1096 668 1233 729 eiusdem
1250 667 1349 727 lineae
1366 665 1504 726 medium

356 796 502 866 puuctum
524 788 700 866 designare,
728 809 785 850 nec
813 787 889 848 duas
916 787 1037 848 omnino
1064 786 1208 864 aequales
1234 785 1266 844 iu
1292 784 1376 844 orbis
1402 783 1499 843 limbo

356 913 461 983 partes
472 904 681 983 adsumpsisse
698 904 804 980 liceat;
814 905 1020 982 velutiueque
1030 903 1079 963 bis
1091 901 1218 963 eandem
1234 899 1398 978 evestigio
1416 899 1503 959 circi-

313 1021 334 1085 b
357 1040 444 1097 nare,
467 1040 566 1098 neque
583 1020 644 1081 duo
661 1020 793 1082 crurium
809 1020 913 1081 circini
928 1019 1061 1096 vestigia
1082 1040 1137 1098 pro
1158 1019 1336 1095 aequalibus
1352 1017 1504 1078 interval-

357 1136 396 1195 lis
416 1136 615 1216 designandis
633 1137 731 1198 denuo
750 1137 870 1197 omnino
888 1136 1027 1214 aequalia
1044 1134 1250 1214 impressisse.

437 1257 522 1315 ΗΟ.
545 1254 630 1315 Nihil
660 1256 772 1335 quippe
810 1255 1025 1328 materialiter,
1057 1252 1346 1332 instrumentaliter,
1375 1252 1502 1313 circum-

359 1380 489 1451 stanter,
512 1361 680 1433 efficienter
710 1379 801 1448 atqua
827 1371 999 1433 formaliter
1029 1371 1183 1433 concurrit
1206 1371 1237 1431 in
1265 1369 1390 1449 effectu,
1419 1369 1500 1448 quod

360 1490 482 1568 singula
498 1510 554 1567 per
570 1488 718 1549 instantia
734 1509 794 1549 non
811 1495 954 1550 mutetur.

292 1610 335 1674 10
437 1607 523 1669 ΗΒ.
545 1607 641 1666 Inane
667 1613 758 1683 atque
786 1605 908 1685 stupido
937 1626 975 1666 ex
1001 1605 1123 1683 ingenio
1143 1602 1315 1683 profectum
1342 1609 1392 1663 est
1418 1602 1496 1662 illud

359 1723 597 1786 rectificatorum
605 1723 753 1801 studium,
765 1725 818 1800 qui
828 1725 880 1785 nbi
894 1724 1024 1803 primum
1038 1721 1194 1785 sensibilis
1208 1728 1265 1798 est,
1276 1719 1391 1780 ibidem
1402 1718 1500 1800 primo

360 1853 452 1924 atque
469 1844 594 1925 proprie
611 1862 747 1904 errorem
764 1862 833 1904 esse
851 1842 1028 1904 diiudicant.

437 1976 454 2023 l
475 1966 522 2024 44.
538 1964 564 2022 E
575 1963 680 2024 multis
691 1964 730 2023 ad
741 1962 972 2025 rectificandum
984 1961 1244 2039 concurrentibus,
1257 1980 1316 2020 uno
1328 1961 1501 2039 cespitaute

358 2081 457 2141 omnia
476 2080 713 2158 confunduntur,
730 2081 810 2141 sicut
826 2089 859 2142 et
875 2080 913 2141 de
927 2081 1031 2141 multis
1049 2081 1158 2157 quibus
1175 2087 1289 2140 terram
1303 2078 1424 2140 revolvi
1435 2098 1499 2138 mo·

294 2199 334 2263 15
359 2202 442 2263 tibus
458 2201 659 2279 intelligimus
675 2201 727 2262 vel
746 2199 807 2279 ipsi
828 2207 942 2262 motum
959 2199 1182 2260 firmamentum
1208 2200 1286 2259 illud
1312 2197 1497 2260 stelliferum

359 2322 547 2400 intelligunt,
567 2321 593 2380 si
610 2341 687 2382 unus
708 2328 757 2381 est
778 2322 825 2401 (ut
842 2328 925 2381 certe
946 2339 1015 2381 esse
1038 2323 1172 2401 oportet)
1188 2319 1379 2399 irregularis,
1398 2319 1498 2395 qualis

357 2440 467 2500 saltem
485 2438 538 2499 ille
556 2437 607 2514 qui
624 2458 642 2497 a
659 2437 827 2497 mutatione
845 2436 942 2497 centri
963 2437 1126 2515 gravitatis
1147 2437 1343 2514 intelligitur,
1360 2434 1499 2513 sequitur

358 2554 452 2636 (quod
480 2575 536 2615 suo
560 2555 627 2615 loco
645 2554 848 2634 ostendimus)
877 2563 909 2614 et
934 2575 1039 2616 omnes
1065 2575 1134 2617 esse
1160 2554 1274 2616 debere
1301 2553 1499 2631 irregulares.

357 2675 464 2750 Neque
483 2681 532 2734 est
549 2673 696 2751 possibile
718 2672 748 2731 in
770 2671 873 2752 specie
891 2673 953 2732 ulla
969 2674 1029 2734 duo
1057 2673 1178 2735 omniuo
1207 2671 1424 2734 concordantia
1447 2669 1498 2730 vel

290 2801 335 2865 20
357 2792 495 2870 aequalia
520 2789 678 2851 individua
704 2791 884 2869 comperire,
910 2790 987 2851 duos
1017 2791 1141 2869 inquam
1163 2793 1213 2852 hic
1233 2791 1313 2868 dies,
1334 2790 1497 2865 circuitus,

356 2929 451 2971 annos
464 2908 608 2986 aequales
622 2916 713 2985 atque
725 2907 841 2968 similes
855 2927 916 2966 nou
931 2909 1029 2968 solum
1040 2929 1095 2988 pro
1110 2907 1291 2969 habitudine
1306 2907 1345 2969 ad
1359 2906 1428 2984 alia,
1443 2906 1499 2967 sed

356 3031 406 3092 vel
423 3030 516 3090 etiarn
532 3028 673 3090 absolute
690 3029 720 3088 in
741 3027 871 3106 physica
891 3027 1007 3088 referre
1029 3028 1176 3108 potentia.
1205 3029 1374 3106 Perperam
1401 3026 1496 3104 igitur

355 3149 559 3210 sollicitantur
574 3149 608 3227 ii,
624 3158 773 3226 quotquot
790 3157 896 3210 exacte
914 3149 951 3209 de
970 3151 1040 3211 anui
1057 3150 1267 3229 magnitudine
1282 3149 1412 3213 definire
1427 3169 1496 3211 cou-

356 3267 495 3328 tendunt.

290 3390 333 3454 25
436 3384 522 3444 ¹³83.
545 3383 578 3444 Si
608 3381 769 3460 longitudo
801 3383 929 3444 duorum
956 3384 1110 3445 hominum
1136 3386 1186 3447 vel
1213 3386 1386 3465 plantarum
1414 3393 1499 3447 osset

332 3532 340 3546 ·
357 3500 437 3560 sicut
453 3499 580 3560 duarum
597 3500 790 3560 rationalium
807 3501 955 3561 linearum
971 3501 1145 3581 longitudo,
1161 3511 1268 3583 posset
1282 3502 1388 3583 procul
1405 3501 1498 3563 dubio

357 3616 424 3677 dari
444 3616 521 3676 illud
538 3617 664 3689 instans,
692 3636 751 3693 quo
779 3617 1012 3695 unumquodque
1033 3618 1200 3680 secundum
1217 3618 1440 3699 longitudinem
1457 3618 1500 3679 sit

356 3732 459 3812 alteri,
480 3733 569 3811 quale
591 3732 640 3794 vel
663 3741 712 3793 est
732 3733 859 3793 velerit
879 3734 929 3794 vel
951 3733 1010 3794 fuit
1033 3734 1204 3812 aliquando,
1228 3736 1369 3812 aequale3
1394 3754 1499 3795 omnes

357 3849 469 3930 quippe
487 3846 626 3908 homiues
645 3870 662 3909 a
679 3848 804 3909 minima
820 3856 939 3910 statura
960 3869 1015 3929 per
1035 3850 1153 3912 medias
1179 3850 1218 3911 ad
1243 3851 1379 3912 adultam
1406 3863 1499 3930 atque

291 3977 335 4040 30
358 3984 413 4043 pro
438 3964 626 4041 singulorum
654 3964 842 4043 proprietate
869 3963 1039 4043 perfectam
1066 3965 1259 4044 devenimus,
1286 3967 1367 4027 uude
1393 3985 1500 4027 omnes

358 4089 442 4142 certo
469 4082 597 4141 instanti
620 4080 659 4141 ad
677 4083 805 4142 eandem
826 4081 969 4142 linealem
989 4082 1152 4144 devenisse
1174 4082 1396 4162 longitudinem
1414 4101 1502 4163 opor·

358 4205 412 4257 tet.
429 4197 526 4258 Porro
545 4196 602 4258 hoc
619 4204 667 4258 est
684 4196 724 4257 ad
740 4197 817 4257 illud
838 4197 957 4259 instans
978 4198 1224 4260 mathematicam
1248 4201 1363 4261 lineam
1388 4199 1497 4274 lineae,

685 4342 768 4348 —-....
802 4343 1210 4352 .---.----«.-,--......
1261 4346 1286 4351 -.
1315 4344 1494 4351 ,-..-----

449 4406 481 4455 25
498 4423 606 4455 rrrrrnclu
616 4403 657 4474 83]
671 4407 689 4455 l.
702 4407 734 4456 48
