3428 5138
556 425 695 471 rounam
716 425 818 471 unm
839 426 884 470 DE
903 425 1039 488 ummo,
1061 425 1096 471 11.

688 788 842 854 CAPVT
877 789 961 854 XII.

417 990 475 1037 t'ur,
488 993 564 1028 stante
577 991 683 1027 contactu
697 987 722 1026 in
736 990 832 1037 puncto,
846 986 944 1026 circulus
962 987 1037 1027 mutor
1052 987 1119 1029 culus
1132 990 1236 1028 moretur

608 1070 676 1108 super
690 1059 769 1098 eodem
783 1059 852 1109 plano
865 1069 934 1108 quum
949 1059 1033 1099 minor.

341 1250 434 1314 Hine
453 1247 544 1313 nosti
564 1256 603 1313 ut
622 1247 731 1312 maior
748 1247 853 1335 pleno
870 1269 973 1334 super
991 1270 1080 1314 unus
1098 1248 1217 1314 eodem

208 1366 229 1428 5
253 1370 370 1451 Atque
391 1367 479 1430 alter
494 1365 607 1429 minor
624 1363 660 1427 in
679 1363 786 1428 uariis
803 1385 872 1428 uon
892 1372 1045 1451 tempore
1065 1365 1103 1430 iu
1122 1386 1191 1430 uno

253 1481 441 1563 Percurrit,
462 1478 600 1566 quando
620 1479 669 1544 sie
685 1485 799 1543 motus
819 1479 1038 1545 continuabit

254 1599 353 1664 Illius
370 1607 472 1683 atque
490 1595 607 1679 liniue,
625 1618 736 1680 neque
753 1603 833 1661 sunt
854 1596 1055 1661 discrimina
1073 1597 1227 1683 punctis,

253 1717 465 1780 Punctorum
481 1718 542 1777 aut
561 1733 712 1776 numero.
731 1710 909 1798 Siquidem
928 1712 1067 1778 infinita
1086 1712 1124 1777 in
1139 1714 1297 1800 utrisque
1391 1747 1406 1786 5

254 1833 473 1917 Agnoscunt,
493 1828 569 1893 idco
589 1836 623 1892 et
639 1827 735 1893 nullo
755 1827 954 1893 discrimine
971 1828 1113 1894 distant.

191 1947 232 2011 10
255 1951 302 2013 At
315 1947 416 2013 nobis
431 1945 555 2030 globus
574 1945 631 2029 (ob
651 1945 772 2032 puncti
791 1944 1004 2028 discrimina)
1024 1945 1134 2010 maior

255 2064 359 2130 Ocius
377 2062 532 2128 absolvet
552 2082 703 2137 cursum,
723 2060 752 2124 si
769 2061 924 2125 concitus
944 2082 1013 2125 uno

255 2184 371 2266 Atque
384 2178 460 2266 pari
480 2176 582 2264 pulsu
598 2177 716 2241 veniat
736 2199 840 2261 quam
860 2177 920 2261 qui
937 2177 1050 2241 minor
1069 2176 1145 2265 ipso
1161 2188 1222 2244 cst.

257 2294 540 2380 Quandoquidem
556 2300 617 2359 aut
635 2293 716 2375 alio,
737 2292 792 2356 vel
808 2293 946 2379 punctis
964 2292 1123 2379 pluribus
1138 2317 1207 2360 uno
1370 2328 1398 2367 ιο

256 2411 491 2498 Compositum
511 2432 553 2474 ex
569 2417 661 2474 recto
678 2415 713 2473 et
732 2431 851 2493 curve,
872 2416 933 2474 aut
950 2409 1135 2475 curvedine
1154 2411 1239 2476 recti

192 2534 233 2598 li>
256 2529 299 2591 In
315 2548 469 2590 normam
489 2524 600 2610 magis
616 2524 779 2590 accedens
795 2525 967 2610 attingere
984 2524 1097 2608 credo;

255 2645 408 2710 Maxime
427 2643 574 2709 curvcdo
592 2651 632 2710 ut
651 2643 794 2709 minimo
810 2645 951 2732 propria
970 2667 1042 2709 csse
1055 2644 1202 2710 videtur.

336 2830 482 2903 Quamvis
496 2851 569 2907 ergo
580 2829 699 2907 aequali
710 2829 874 2890 velocitate
887 2829 983 2889 maior
994 2838 1152 2890 moveatur
1163 2829 1294 2892 circulus
1304 2837 1396 2909 atque

257 2950 366 3025 minor,
385 2955 416 3007 et
439 2946 556 3023 reliqua
576 2947 720 3006 universa
742 2947 806 3008 siut
830 2946 931 3024 parim
949 2954 1073 3024 praeter
1097 2947 1155 3007 hoe
1173 2946 1255 3023 quod
1272 2946 1397 3009 maioris

257 3065 362 3129 circuli
375 3065 472 3125 maius
484 3072 532 3124 est
550 3064 731 3141 vestigium,
744 3065 902 3142 continget
913 3065 1088 3124 necessario
1106 3063 1214 3124 eodem
1227 3071 1365 3144 tempore
1379 3085 1398 3124 a

191 3182 235 3245 ‘20
258 3184 364 3244 maiori
381 3182 492 3241 circulo
512 3181 609 3240 maius
631 3182 768 3258 spacium
786 3180 978 3258 pert-1·ansi1·i;
999 3201 1097 3258 neque
1113 3180 1237 3255 etenim,
1252 3187 1286 3241 ut
1300 3181 1399 3259 proxi-

258 3321 305 3360 me
320 3297 527 3376 supradictum
544 3307 609 3375 est,
623 3297 719 3356 omnis
731 3296 836 3357 circuli
847 3299 973 3373 aequale
986 3309 1124 3358 centrum
1135 3305 1196 3376 est,
1210 3298 1266 3358 sed
1277 3297 1397 3358 ratione

257 3417 403 3478 maiorum
421 3415 679 3477 terminandarum
696 3417 827 3495 partium
845 3427 1047 3478 extremarum
1067 3418 1192 3478 maioris
1209 3419 1306 3479 maius
1327 3439 1396 3480 esse

259 3537 392 3598 debebit.
414 3535 536 3596 Pariter
558 3555 655 3612 neque
673 3536 771 3595 omnis
791 3534 896 3596 circuli
916 3536 947 3596 iu
965 3536 1056 3616 plano
1079 3543 1132 3595 aut
1159 3556 1225 3596 eum
1254 3558 1397 3618 compare

259 3655 315 3715 sibi
332 3654 445 3714 circulo
467 3661 625 3714 contaetus
640 3663 688 3714 est
708 3675 743 3715 ae
757 3653 761 3735 Ι
775 3654 886 3731 qualis,
905 3654 961 3714 sed
979 3654 1009 3713 iu
1027 3662 1139 3732 puncto
1157 3655 1394 3733 proportionali;
1421 3678 1463 3741 p,
1484 3666 1560 3733 89

192 3775 235 3838 ‘25
260 3780 344 3832 tauta
361 3791 469 3850 nempe
488 3772 690 3832 extremitatis
705 3791 778 3831 suae
792 3779 880 3850 parte
891 3771 1032 3831 minimus
1047 3769 1179 3831 circulus
1196 3771 1296 3849 tangit
1310 3773 1396 3832 mini-

259 3910 354 3966 mum,
371 3897 483 3965 quanta
500 3891 660 3949 maximum
680 3891 738 3950 sibi
756 3890 914 3968 aequalem
930 3890 1088 3950 maximus.

339 4019 355 4066 t
379 4009 425 4066 12.
440 4006 602 4066 Mammam
619 4007 799 4068 curvitatem
817 4007 847 4067 iu
865 4005 988 4067 minimo
1002 4027 1056 4068 seu
1071 4015 1182 4084 atomo,
1200 4007 1313 4068 nullam
1332 4029 1399 4069 eur·

262 4124 388 4182 vitatem
411 4125 441 4183 in
463 4125 742 4204 incomparabiliter
763 4145 886 4204 magno,
904 4145 1014 4205 nempe
1034 4125 1166 4204 infinito,
1187 4144 1257 4187 esse
1279 4135 1398 4188 tantum

260 4240 409 4316 intelligo.

354 4452 384 4504 16
400 4449 534 4519 corvedo]
549 4452 675 4505 curncdo
