3428 5138
255 385 274 441 6
695 397 833 444 renuam
854 398 956 442 unvai

255 575 466 641 iniunctum:
497 575 553 641 vel
583 575 620 640 in
650 596 690 640 ec
718 575 840 640 saltem
869 572 980 660 gradu
999 595 1129 657 sumus,
1149 579 1189 638 ut
1206 594 1270 659 pro
1298 577 1397 659 parte

254 701 353 788 Reip.
390 700 499 766 animi
539 700 650 766 nostri
696 699 875 767 civitatem
915 699 1005 765 hano
1047 722 1067 765 a
1112 697 1300 785 tyrannide
1340 719 1399 784 pa·

254 833 348 892 trum
371 827 510 893 illorum
547 832 651 911 atque
680 824 822 891 huiusce
854 824 990 910 generis
1021 824 1168 890 militiae
1197 823 1397 911 principum

254 960 421 1019 tueamur.
445 952 515 1019 Ubi
543 975 618 1018 eam
648 951 735 1038 legis
764 952 984 1019 severitatem
1013 952 1131 1037 vigere
1160 951 1334 1036 volumuS,
1357 956 1398 1016 ut

210 1087 231 1151 5
254 1082 343 1148 ratio
373 1087 449 1147 tum
479 1103 573 1164 vera,
593 1086 668 1145 tum
693 1080 884 1147 necessaria
907 1081 1119 1166 requiratur,
1138 1079 1303 1163 nullaque
1329 1076 1399 1143 viri

254 1206 508 1294 quantumlibet
537 1205 736 1271 excellentis
766 1213 801 1271 et
830 1205 975 1271 illustris
1005 1204 1197 1271 authoritas
1216 1224 1279 1291 pro
1298 1224 1398 1288 argu·

254 1340 370 1398 mento
389 1330 512 1398 valeat.
532 1331 602 1399 Ubi
621 1354 684 1419 pro
702 1331 827 1397 infami
846 1331 1030 1398 damnatur
1049 1331 1191 1416 iudicio,
1211 1331 1241 1397 si
1260 1352 1328 1417 qua
1347 1337 1400 1396 est

255 1483 342 1546 quae
358 1460 400 1525 de
413 1458 571 1524 videndis
588 1465 691 1545 atque
709 1458 904 1525 visibilibus
919 1481 1100 1546 perperam
1115 1459 1202 1524 citra
1221 1457 1399 1524 oculorum

255 1610 354 1652 usum
374 1586 546 1652 sententia
564 1584 769 1672 proferatur.
794 1585 844 1649 Ea
869 1585 996 1650 etenim
1020 1583 1320 1672 impudentissima
1339 1605 1399 1670 pa-

192 1718 348 1781 latrum
377 1710 595 1797 ignorantiae
629 1711 763 1775 cautela
798 1717 862 1793 est,
894 1716 933 1776 ut
967 1710 1072 1775 etiam
1107 1711 1183 1795 lege
1221 1708 1399 1796 disputare

256 1838 451 1926 prohibeat,
472 1844 576 1921 atque
595 1836 732 1901 firmum
751 1858 823 1900 esse
842 1836 880 1901 in
903 1835 1031 1901 auditis
1059 1843 1094 1901 et
1123 1836 1161 1901 in
1190 1835 1295 1901 semel
1323 1856 1402 1900 con-

257 1972 356 2053 cepta
379 1985 580 2051 parmanere
603 1961 775 2028 sententia
798 1961 971 2027 laudabile
994 1961 1183 2049 praedicet:
1203 1961 1295 2049 quod
1319 1983 1401 2027 sane

258 2097 428 2157 statutum
457 2088 500 2155 ad
531 2088 691 2154 bestiales
722 2086 799 2153 illos
828 2088 916 2152 bene
944 2087 1104 2172 refertur,
1138 2087 1198 2172 qui
1228 2088 1297 2154 iam
1330 2108 1401 2153 non

255 2219 420 2302 homines,
437 2216 496 2283 sed
512 2217 555 2282 ad
571 2216 777 2306 ilmaginem
794 2222 828 2281 et
844 2215 1108 2282 similitudinem
1123 2217 1303 2283 hominum
1322 2224 1404 2284 sunt
1428 2234 1458 2283 a
1471 2222 1526 2284 4'

191 2341 233 2404 lb
257 2342 399 2426 effincti,
428 2342 519 2408 unde
549 2342 613 2407 hae
643 2342 755 2427 specie
785 2347 966 2407 serventur
993 2348 1032 2408 ut
1062 2343 1165 2427 asini,
1190 2364 1285 2426 ovea,
1306 2343 1400 2428 equi,

256 2469 356 2553 muli,
380 2469 498 2552 borea,
522 2467 754 2533 versutiorum
778 2467 916 2533 illorum
940 2475 1044 2551 atque
1067 2468 1330 2555 prudentiorum
1350 2469 1402 2533 di·

256 2596 462 2684 gnissimum
481 2595 664 2683 peculium.

346 2720 445 2799 Quod
469 2721 499 2786 si
522 2721 558 2786 id
581 2721 686 2786 etiam
710 2720 884 2787 interdum
908 2722 1077 2807 certisque
1102 2723 1138 2787 in
1162 2722 1274 2788 causis
1294 2721 1401 2788 etiam

258 2849 473 2937 sapientibus
496 2854 530 2912 et
553 2847 682 2913 heroici
701 2846 899 2934 speciminis
922 2847 1120 2913 hominibus
1153 2871 1231 2914 cum
1255 2848 1400 2914 caeteris

191 2983 236 3047 20
258 2977 382 3043 debeat
404 2999 476 3041 esse
500 2996 693 3059 commune,
720 2981 758 3038 ut
781 2973 842 3040 ubi
865 2974 982 3038 lumen
1004 2974 1149 3040 rationis
1168 2975 1269 3042 nobis
1288 2999 1308 3042 a
1327 2976 1401 3041 Dec

260 3104 451 3170 immissum
485 3111 519 3167 et
552 3103 689 3188 insigne
723 3101 935 3186 divinitatis,
954 3101 1045 3186 quod
1082 3102 1119 3166 in
1142 3110 1286 3169 naturae
1319 3125 1396 3170 nos·

260 3239 335 3298 trae
371 3230 566 3297 substantia
600 3227 850 3315 quodammodo
883 3228 1064 3311 occulitur,
1103 3229 1201 3314 quasi
1225 3228 1400 3316 superiore

260 3357 376 3443 aliquo
395 3362 612 3444 repugnante
630 3362 665 3420 et
694 3353 928 3441 praecipiente
957 3353 1104 3436 lumine,
1134 3354 1338 3429 submittere
1367 3362 1403 3419 et

260 3485 443 3551 humiliare
465 3483 661 3564 debeamus3
686 3481 724 3546 in
751 3481 928 3567 proposito
960 3489 1050 3546 certe
1079 3481 1316 3569 philosophiae
1348 3481 1404 3562 (ad

194 3612 237 3677 25
261 3611 358 3676 cuius
376 3610 502 3677 liberas
520 3631 597 3675 aras
615 3607 657 3672 de
676 3608 785 3672 tantis
804 3606 967 3673 fluctibus
983 3630 1037 3672 me
1053 3609 1179 3695 recepi)
1194 3631 1251 3674 eos
1267 3615 1405 3674 tantum

261 3741 417 3807 doctores
445 3736 597 3820 audiam,
629 3735 688 3820 qui
716 3756 787 3800 non
817 3734 932 3800 oculos
963 3734 1134 3817 claudere,
1167 3735 1225 3801 scd
1256 3735 1404 3801 maxime

262 3866 395 3954 aperire
423 3863 652 3952 praecipiunt.
677 3861 734 3926 Sic
758 3860 801 3926 ad
821 3859 1100 3926 amoenissimum
1123 3862 1210 3928 lucis
1234 3861 1404 3948 fulgerem

262 3999 367 4080 caput
385 3991 568 4072 exerimus,
588 3986 836 4054 vociferantem
859 3991 1019 4051 naturam
1039 3988 1253 4072 exaudimus,
1274 3990 1407 4076 sapien·

262 4120 348 4186 tiam
373 4119 473 4205 (hanc
497 4117 598 4183 rebus
623 4114 782 4180 omnibus
805 4119 1068 4199 anteponentes)
1098 4114 1249 4201 simplici
1279 4115 1405 4202 spiritu

1186 4286 1406 4294 .-..--.-.

356 4364 388 4416 20
398 4365 477 4428 sorae
488 4365 527 4416 ibi
591 4369 622 4417 27
640 4369 855 4420 amenissimum
