3428 5138
418 662 645 717 ILLVSTRISS.
663 661 710 712 ΕΤ
727 657 998 712 Ravnanumss.
1017 655 1191 708 PBINOlPl
1401 657 1432 706 a
1450 637 1500 700 2¹⁸

503 838 852 950 HENRIOO
891 838 1105 947 IVLIO
1142 829 1173 855 ”

306 1082 668 1129 navusvmuufflvu
702 1083 748 1127 ΕΤ
781 1077 1181 1126 nvmunvaonuswu
1215 1076 1308 1121 nvol

488 1176 493 1185 '
547 1178 892 1224 nnnssuusue‘muslvu
910 1176 1068 1222 EPISOOPO

446 1278 601 1323 PATRONO
626 1277 740 1322 svm
765 1275 997 1322 oBsuRvau'rIA
1022 1273 1174 1319 OOLENDO

523 1495 730 1562 IOANNES
765 1493 1026 1560 WEOHELVS
1061 1493 1094 1557 S.

731 1695 887 1704 .---—-

326 2288 596 2376 Ingratitudinis
616 2288 746 2353 crimen
765 2309 868 2379 quarn
884 2286 1023 2354 foedum
1039 2287 1098 2371 sit,
1114 2287 1258 2372 agnovit
1277 2288 1382 2352 etiam

239 2414 377 2480 ethnica
396 2418 564 2495 vetustae,
586 2411 818 2478 illustrissime
837 2434 877 2478 ac
899 2410 1183 2477 reverendissime
1206 2412 1382 2498 Princeps.

239 2538 469 2616 Quamobrem
493 2545 527 2603 et
551 2538 726 2603 Ionnsuvs
745 2538 900 2620 Bavuvs,
920 2560 998 2604 oum
1017 2560 1053 2603 se
1072 2561 1092 2603 a
1110 2537 1152 2604 R.
1166 2537 1202 2602 Ο.
1223 2544 1283 2604 tua
1301 2537 1385 2604 libe-

173 2671 217 2736 10
239 2665 358 2730 raliter
377 2670 411 2729 et
429 2661 616 2729 honorifice
634 2661 794 2729 habitum
814 2663 1060 2748 consideraret,
1079 2685 1150 2730 non
1169 2663 1385 2730 committen-

238 2788 320 2854 dum
339 2787 406 2854 sibi
425 2786 564 2874 putavit
584 2787 669 2873 quin
687 2787 828 2873 aliquod
848 2809 929 2853 suae
948 2810 1029 2874 erga
1053 2787 1095 2853 R.
1116 2786 1152 2852 Ο.
1176 2787 1214 2852 Τ.
1238 2788 1385 2874 gratitu-

237 2913 330 2979 dinis
353 2912 597 2978 documentum
621 2911 801 2998 propalam
825 2911 863 2976 in
889 2911 1044 2978 omnium
1070 2912 1249 2978 hominum
1277 2913 1384 2979 oculis

237 3042 454 3122 proponeret.
470 3033 568 3100 Inter
587 3043 699 3100 cetera
717 3035 825 3120 igitur
845 3034 1035 3101 industriae
1054 3056 1135 3101 suae
1149 3043 1382 3117 monumenta,

239 3182 384 3246 quorum
402 3159 471 3223 alia
487 3159 555 3224 iam
572 3158 696 3224 affecta
711 3167 819 3241 erant,
839 3158 908 3225 alia
923 3167 1061 3224 tantum
1078 3159 1193 3225 animo
1207 3165 1381 3244 concepta,

173 3293 215 3359 15
238 3282 300 3350 hos
331 3284 389 3349 De
423 3283 584 3369 triplici
615 3282 785 3348 Minimo
818 3291 857 3348 et
890 3283 1081 3349 Mensura
1116 3281 1224 3349 libros
1254 3283 1382 3349 illustri

240 3408 444 3475 celsitudine
474 3416 535 3474 tua
566 3407 713 3474 maxime
737 3408 861 3494 dignos
876 3408 951 3474 fore
975 3407 1172 3486 iuldicevit.
1197 3407 1292 3496 Opus
1323 3431 1383 3494 ag·
1407 3435 1438 3484 a
1453 3424 1506 3487 av

239 3555 389 3620 gressuS,
406 3539 446 3598 ut
467 3555 569 3618 quam
588 3532 845 3598 accuratissime
875 3532 1096 3615 absolveret‚'
1108 3555 1179 3598 non
1208 3531 1381 3598 schemata

239 3657 349 3724 solum
372 3657 446 3744 ipse
469 3679 531 3723 sue
555 3678 660 3722 manu
684 3656 844 3744 sculpsit,
868 3656 926 3722 sed
950 3655 1056 3722 etiam
1079 3678 1261 3743 operarum
1285 3680 1320 3722 sc
1344 3657 1381 3722 in

239 3782 357 3848 eodem
373 3787 599 3847 correctorem
617 3780 788 3867 praebuit.
807 3781 961 3847 Tandem
985 3803 1063 3846 curn
1093 3780 1256 3847 ultimum
1286 3781 1381 3846 dum-

172 3920 217 3985 20
239 3914 336 3973 taxat
363 3913 554 3994 superesset
590 3906 703 3994 operis
737 3907 874 3990 folium,
909 3928 990 3972 casu
1020 3905 1201 3993 repentino
1232 3928 1252 3971 a
1282 3904 1382 3971 uobis

239 4031 392 4114 avulsus,
423 4038 612 4096 extremam
636 4030 681 4113 ei,
709 4039 749 4096 ut
777 4030 912 4114 ceteris,
933 4051 1073 4095 manum
1100 4029 1276 4115 imponere
1311 4051 1381 4096 non

239 4156 364 4243 potuit.
378 4155 444 4220 Per
455 4154 573 4220 literas
590 4154 698 4241 igitur
714 4155 860 4242 rogavit,
875 4162 915 4219 ut
934 4154 1025 4240 quod
1044 4153 1111 4220 sibi
1127 4176 1189 4241 per
1204 4154 1380 4220 fortunam

239 4301 310 4345 non
333 4279 467 4362 liceret,
495 4299 558 4343 nos
577 4299 640 4365 pro
669 4301 705 4344 se
734 4301 795 4345 suo
824 4279 964 4344 nomine
994 4284 1254 4366 praestaremus.
1279 4278 1379 4356 Quod

239 4400 390 4470 officium
414 4426 458 4470 ne
482 4402 619 4469 absenti
642 4403 811 4490 denegare
836 4404 985 4472 voluisse
1014 4403 1221 4487 videremur,
1250 4405 1378 4470 librum
