3428 5138
524 406 678 459 annover
699 406 870 459 nnvansrs
891 404 1158 458 nnrrmnnrrcos.
1374 386 1412 457 67

270 595 305 654 et
327 595 441 655 totum
465 612 658 675 commune,
693 589 784 676 quod
814 597 897 657 nota
928 591 1063 657 ratione
1092 597 1227 678 partem
1258 590 1414 655 eontinet

270 721 462 802 utramque.
483 716 541 782 Sic
556 718 668 803 primo
685 717 876 783 ternarium
894 723 946 783 est
965 739 1125 783 mensura
1145 715 1336 783 eommunis
1355 736 1412 782 no·

269 841 403 907 venerii
422 848 457 907 et
480 841 697 926 duodenarii3
722 843 803 930 qnia
822 842 866 908 ab
885 842 950 909 hoc
970 850 1103 928 quater,
1125 843 1169 909 ab
1188 842 1248 908 illo
1265 849 1318 909 ter
1333 864 1413 908 eon-

269 967 410 1034 tinetur.
450 967 608 1034 Secunde
649 968 898 1035 duodenarium
937 977 989 1036 est
1019 986 1188 1036 'mensura
1222 969 1412 1036 eommunis

225 1087 389 1178 atrium,
421 1115 494 1179 sex,
529 1099 691 1180 quatuor,
725 1093 889 1179 duorum3
925 1094 1007 1179 quia
1039 1095 1195 1161 eontinet
1221 1095 1412 1161 ternarium

271 1224 404 1302 quater,
424 1218 595 1285 senarium
628 1218 696 1301 bis,
717 1219 978 1305 quaternarium
1002 1226 1073 1304 ter,
1094 1218 1268 1285 binarium
1293 1220 1411 1285 sexies

272 1347 345 1412 127.
368 1345 447 1414 Non
476 1347 677 1413 inconvenit
700 1355 833 1413 rectum
861 1347 1013 1414 vicissim
1042 1370 1062 1413 a
1094 1369 1199 1414 curro
1230 1348 1346 1414 metiri
1378 1355 1413 1414 et

268 1476 406 1538 tantum
428 1472 485 1538 vel
509 1479 679 1558 quantum
702 1472 932 1560 denominari,
957 1474 1047 1540 sient
1065 1496 1136 1541 non
1155 1480 1208 1540 est
1225 1474 1411 1541 absurdum

268 1599 361 1685 quod
379 1621 523 1666 curvum
542 1622 562 1665 a
582 1607 675 1667 reato
696 1600 867 1667 metiatur.
894 1599 992 1667 Sient
1010 1601 1154 1687 inquam
1177 1623 1295 1667 arcum
1314 1601 1412 1667 novi·

203 1740 343 1804 lomus
366 1751 428 1817 per
449 1735 616 1815 quantam
640 1737 769 1796 rectam
793 1729 846 1794 ilii
870 1729 1070 1796 subtensam
1093 1729 1155 1813 (sia
1179 1729 1271 1795 enim
1294 1751 1413 1816 perpe

266 1863 327 1922 tuo
366 1855 529 1921 metimur
572 1855 815 1941 eireinantes),
853 1855 903 1921 ita
919 1914 924 1920 .
941 1863 975 1921 et
1014 1856 1082 1922 duo
1128 1855 1239 1923 latera
1279 1853 1410 1941 figurae

267 1987 501 2070 (quascunque
536 1981 699 2049 videlieet
726 1988 850 2067 rectas)
878 2006 940 2070 per
968 2006 1087 2050 arcum
1120 1983 1241 2049 circuli
1266 1982 1325 2068 qui
1354 2005 1411 2049 eas

267 2111 526 2200 comprehendit
545 2120 580 2178 et
600 2111 764 2178 eontinet.
779 2113 851 2178 128.
866 2111 963 2178 Sient
982 2112 1148 2179 medietas
1167 2134 1267 2179 erens
1287 2110 1411 2176 medie-

265 2246 374 2305 tatem
405 2245 532 2323 rectae,
562 2239 614 2306 ita
637 2238 803 2306 medietas
826 2247 939 2308 reatae
969 2262 1068 2307 arcus
1092 2238 1314 2307 medietatem
1338 2261 1408 2305 nen

201 2373 242 2437 15
265 2369 418 2436 metitur.
447 2369 525 2437 Non
548 2369 658 2456 igitur
681 2391 701 2434 a
725 2368 830 2435 medii
854 2369 1097 2453 continuitate,
1123 2367 1182 2435 sed
1207 2392 1227 2435 a
1258 2367 1408 2434 termine

265 2499 412 2565 alterum
431 2499 554 2566 horum
573 2498 675 2564 alteri
693 2507 745 2565 est
764 2521 943 2582 mensura;
964 2521 1069 2584 quare
1093 2519 1171 2564 enm
1190 2497 1229 2563 in
1247 2497 1314 2563 hoc
1332 2497 1408 2584 ipso

265 2624 488 2708 conveniant,
505 2623 663 2710 sequitur
682 2625 774 2711 qnod
793 2647 863 2691 non
879 2647 934 2690 ma
945 2624 1023 2704 tieri
1038 2623 1173 2690 ratione
1189 2645 1297 2688 unum
1315 2605 1409 2687 men-¹
1431 2626 1519 2690 14²

264 2772 345 2817 sura
368 2751 415 2816 sit
439 2772 541 2836 quam
565 2751 721 2817 alterum.
749 2752 820 2817 129.
849 2750 987 2816 Interea
1015 2756 1132 2816 tamen
1152 2755 1322 2837 qnantum
1345 2749 1408 2814 cir·

265 2876 341 2941 culo
359 2875 437 2963 plus
456 2874 621 2942 debeatur
639 2876 676 2941 in
696 2875 761 2941 hoe
778 2898 904 2962 genere
924 2897 1026 2960 qnam
1046 2880 1172 2960 rectae,
1193 2874 1280 2941 alies
1298 2873 1406 2961 pluri-

197 3005 241 3068 20
264 3001 327 3068 bus
351 3001 490 3068 anobis
514 3007 566 3067 est
584 3001 786 3068 indicatum.
809 3004 881 3068 130.
902 3003 1099 3068 Mansuram
1123 3001 1178 3067 vel
1202 3001 1406 3089 simpliciter

262 3130 319 3197 vel
341 3131 453 3219 magis
482 3132 731 3219 homogeneam
754 3133 836 3200 dare
864 3133 1070 3200 facillimum
1094 3141 1159 3219 est,
1184 3141 1224 3200 ut
1246 3132 1408 3199 videlieet

263 3283 361 3327 arens
380 3283 512 3346 arcum,
533 3260 583 3327 ita
602 3268 637 3326 et
655 3268 749 3327 recte
769 3268 898 3328 rectam
918 3261 1098 3344 metiatur;
1123 3284 1246 3349 nempe
1271 3262 1331 3348 qui
1356 3285 1409 3328 su-

261 3409 325 3476 pra
352 3386 417 3453 hoc
446 3387 637 3472 docuimus,
674 3387 734 3454 nbi
769 3388 931 3455 minimas
964 3387 1180 3477 peripheriae
1211 3395 1327 3477 partes
1363 3389 1406 3455 ab

260 3514 408 3603 ipsamet
426 3515 623 3603 peripheria
643 3538 714 3582 non
732 3523 918 3603 evagantes
938 3515 1152 3584 adduximus,

192 3752 237 3816 ‘25
602 3741 885 3819 MEMBRVM
926 3743 1059 3820 XXII.

735 3958 827 4026 Orvs
852 3961 926 4026 159.

370 4125 418 4193 Vt
429 4147 491 4213 per
506 4125 673 4191 circulum
688 4147 905 4193 communem
923 4149 1118 4196 mensuram
1135 4129 1280 4200 duarum
1301 4140 1401 4221 (quas

259 4259 485 4339 asymmetras
518 4256 657 4334 vocant)
689 4251 859 4319 linearum
892 4254 1127 4324 inveniemus?
1152 4259 1281 4326 Maiore
1306 4261 1399 4329 faeta

460 4374 485 4380 ..-
500 4374 557 4380 ἢ-
614 4374 643 4379 —-
654 4374 966 4384 ------.----..--.
984 4379 994 4384 -
1006 4380 1073 4385 -.--
1090 4381 1109 4385 --
1122 4381 1235 4387 -.——..
1275 4384 1284 4388 -
1317 4384 1397 4394 -...-

350 4413 366 4466 4
383 4426 533 4463 manaurae
596 4413 628 4462 22
637 4411 717 4476 sorae
728 4413 797 4479 quie
