3428 5138
259 360 318 418 154
568 373 709 419 roaonur
730 372 831 419 ravin
851 374 896 417 un
916 372 1052 435 ursino,
1074 374 1094 418 1.

257 530 357 610 possit
373 531 535 593 absolvere
552 530 708 591 minimum
732 550 750 589 a
774 529 919 609 maximo,
941 549 1030 607 quam
1051 527 1215 589 maximum
1232 549 1250 589 a
1266 528 1402 592 minimo.

258 645 359 718 Quare
374 647 555 708 immensum
579 645 655 706 nihil
678 654 740 723 est,
759 644 819 706 nisi
836 653 973 707 centrum
989 646 1121 721 ubique;
1140 646 1307 705 aeternitas
1324 644 1402 705 nihil

258 773 319 845 est,
337 766 399 826 nisi
416 784 537 845 semper
553 765 686 843 instans,
704 764 785 842 quod
802 772 851 825 est
870 785 962 825 unum
987 772 1078 842 atque
1099 785 1225 826 maneus
1241 765 1286 826 rei
1305 772 1405 827 aeter·

257 901 330 959 nae,
352 882 436 942 aliud
462 890 554 958 atque
577 880 661 940 aliud
686 880 717 939 in
741 879 937 941 successione
964 881 1095 957 quadam
1119 880 1402 959 vicessitudineque

214 1010 235 1074 5
258 1001 478 1077 constantium
495 1001 675 1061 immensum
692 1020 803 1077 corpus
822 1005 953 1076 atomus;
972 1000 1151 1059 immensum
1171 999 1295 1078 pianum
1310 1020 1403 1080 punc·

257 1126 321 1193 tus3
336 1118 513 1178 immensum
531 1116 667 1195 spacium
684 1116 788 1194 puncti
804 1115 853 1176 vel
871 1115 965 1176 atomi
980 1116 1215 1193 receptaculum.
1232 1115 1303 1176 Alia
1320 1115 1401 1176 enim

257 1235 417 1312 capiuntur
436 1233 489 1295 ubi
506 1242 626 1294 atomus
654 1233 788 1313 capitur,
807 1241 839 1293 et
861 1254 921 1293 nou
944 1223 1067 1294 atomud
1082 1233 1133 1292 ubi
1151 1233 1224 1309 alia3
1242 1233 1312 1294 ideo
1330 1255 1400 1313 pro-

257 1351 323 1429 prie
337 1350 527 1412 indiuiduum
545 1349 657 1410 dicitur
672 1368 741 1419 esse
752 1348 875 1426 ubique,
893 1349 1005 1427 etquis
1019 1350 1156 1427 spacium
1171 1356 1219 1410 est
1233 1349 1398 1427 infinitum,

257 1473 394 1527 centrum
409 1466 520 1526 dicitur
532 1485 601 1527 esse
615 1465 739 1542 ubique,
759 1474 891 1526 atomum
911 1464 1022 1526 dicitur
1039 1483 1108 1526 esso
1126 1467 1235 1525 omnia.
1253 1466 1397 1527 atomum

192 1586 234 1649 10
257 1600 330 1642 vero
349 1582 433 1642 iuxta
450 1582 605 1642 diversum
623 1601 721 1658 genus
738 1581 814 1642 alias
832 1581 1008 1643 distinctum
1026 1580 1176 1658 intelligo.

703 1913 856 1980 OAPVT
890 1917 967 1983 VII.

498 2081 662 2133 Peratrtugitur
673 2082 733 2122 tdem
748 2083 887 2134 propositum
900 2084 1001 2133 pluribus
1013 2086 1161 2135 argumentis.

346 2253 425 2319 Non
445 2252 555 2339 igitur
573 2251 717 2318 minima
735 2275 807 2318 esse
825 2254 944 2320 valent
962 2256 1036 2321 sine
1052 2257 1120 2324 fine
1139 2260 1294 2347 tomique

259 2369 380 2435 Finito
400 2368 438 2433 in
457 2375 543 2452 toto,
564 2390 676 2453 noque
691 2369 860 2434 terminus
880 2368 937 2435 ille
956 2371 1123 2457 vicissim,

195 2495 235 2562 15
259 2486 335 2564 Quo
354 2508 390 2550 se
406 2484 615 2571 contingunt
632 2485 776 2571 parteis,
796 2486 927 2552 virtute
945 2489 1000 2553 vel
1019 2500 1099 2557 actu

257 2602 445 2668 Innumero
464 2623 538 2666 esse
556 2608 671 2688 potest
690 2624 846 2687 numeru,
866 2626 944 2669 cum
963 2628 1097 2692 semper
1116 2608 1159 2674 ad
1179 2609 1298 2676 ambas

258 2717 428 2783 Adtineat
446 2717 576 2803 parteis
596 2716 766 2783 duntaxat
784 2718 952 2787 terminus
970 2744 1072 2806 unus,

258 2835 346 2901 Heic
365 2834 426 2900 ubi
445 2834 482 2899 in
502 2835 676 2920 integrimr
696 2835 915 2903 conflandum
929 2840 1186 2907 continuantur.

261 2952 447 3036 Propterea
466 2948 495 3014 si
514 2949 631 3015 finitas
650 2952 853 3018 concredere
871 2955 1001 3040 parteis

194 3078 238 3141 ‘20
260 3067 378 3150 Ausis,
397 3066 514 3133 finitos
534 3065 624 3133 dabo
643 3067 728 3135 fines
745 3069 825 3136 inde
844 3080 1035 3157 sequenter.

262 3183 561 3269 Quandoquidem,
583 3187 741 3269 (quamvis
761 3210 831 3253 non
850 3196 902 3254 est
920 3213 1000 3276 pars
1016 3193 1201 3277 termiuuS,
1221 3195 1334 3282 ipsum

262 3299 347 3364 Cum
368 3298 532 3385 quiddam
550 3299 594 3366 ad
612 3309 747 3391 partem
767 3312 900 3371 constet
917 3308 1057 3395 proprio
1076 3332 1147 3375 esse
1166 3310 1328 3399 relatum,
1379 3345 1404 3382 ιο

263 3416 540 3502 Haudquaquam
555 3440 736 3485 numerum
755 3421 899 3489 collatae
918 3425 1080 3491 excedere
1098 3427 1249 3511 credu1n3

264 3534 421 3620 Namque
440 3535 493 3601 uti
511 3558 591 3623 pars
611 3537 719 3604 nudta
736 3546 802 3623 est,
819 3541 869 3606 ita
888 3541 1018 3609 multus
1038 3544 1205 3611 terminus
1224 3547 1313 3631 exit,

197 3656 241 3719 ‘25
264 3653 423 3717 Mutuum
442 3651 592 3738 haecque
612 3654 678 3721 duo
697 3678 799 3740 reque
819 3664 853 3721 et
872 3659 1006 3726 ratione
1024 3668 1224 3747 sequuntur.

264 3765 466 3832 Indefinitus
486 3784 695 3856 quapropter
710 3792 779 3836 non
799 3774 872 3839 siue
891 3776 959 3841 fine

265 3882 448 3969 Ooneipias
466 3884 608 3970 purte-iu,
627 3909 770 3971 quarum
791 3913 926 3977 quoquc
945 3893 1113 3961 terminus
1132 3902 1243 3961 exstet
1379 3926 1404 3965 n

266 4000 485 4084 Indefinit1m‚
505 4002 641 4068 minimi
660 4005 856 4072 siibstantia
875 4009 1012 4093 quamdo

266 4116 344 4182 Nun
364 4117 438 4182 abit
457 4118 493 4182 in
508 4128 624 4205 partos
643 4120 728 4187 alias
744 4125 906 4209 resoluta,
927 4124 985 4191 sed
1005 4126 1080 4214 ipsa

200 4235 244 4299 30
266 4232 485 4315 Constantem,
505 4236 576 4301 solo
596 4236 706 4304 officio
726 4240 918 4325 variabilia,
937 4265 1044 4309 unum
1061 4253 1121 4311 est.

269 4350 359 4436 Ergo
378 4362 467 4415 errat
490 4376 624 4418 mensor
643 4363 773 4421 certum
793 4357 866 4423 sine.
882 4357 950 4424 fine.
968 4361 1142 4429 resolvens
