3428 5138
260 375 318 434 184
568 390 706 437 roncum
728 390 829 435 nnvur
850 390 895 434 nn
915 390 1051 452 ummo,
1074 391 1094 434 1.

258 546 363 611 Ferre
379 568 503 633 operae
522 544 691 629 officium,
711 546 819 612 iactat
837 546 1017 632 provincia
1033 545 1125 611 tanti

261 663 305 728 Se
323 663 479 729 authoris
497 669 651 729 inaurem.
671 664 720 728 At
740 663 824 729 caeli
848 685 1007 728 mensura
1026 662 1191 749 globique

258 780 305 844 Et
321 779 409 844 ratio
428 779 565 844 minimi
584 802 624 844 ex
644 786 737 845 recto
757 801 929 864 curvoque
947 784 1084 866 reperta
1103 783 1168 860 est,

258 894 480 980 Euclidisquc
499 894 717 961 satisfaciunt
736 897 905 961 elementa
923 918 985 982 per
1004 917 1125 979 omne,

213 1013 233 1077 5
259 1009 351 1088 Quin
369 1010 474 1076 immo
493 1017 527 1076 et
545 1012 743 1098 plusquam
762 1011 862 1076 nobis
880 1010 1026 1077 fortasse
1044 1031 1220 1076 necessum
1239 1016 1309 1092 est3

260 1125 545 1212 Quandoquidem
564 1134 617 1194 tot
636 1134 717 1193 sunt
735 1150 915 1215 expressae
932 1127 1185 1214 principiorum

258 1243 392 1325 Partes,
413 1264 500 1327 quae
519 1242 562 1308 ad
581 1265 761 1309 numerum
780 1243 944 1328 exiguum
962 1248 1134 1326 revocata,
1154 1246 1317 1329 potenter

260 1356 504 1442 Quodcumque
522 1357 682 1423 Euclides
701 1358 822 1424 mediis
842 1364 981 1445 captare
999 1356 1158 1423 ducentis

258 1470 392 1537 Nititur
411 1480 445 1537 et
460 1471 604 1559 furstra,
622 1479 760 1538 tantum
779 1472 1036 1560 comprenditur
1055 1494 1138 1557 unc,

194 1584 236 1647 10
258 1589 307 1654 Ut
325 1589 461 1654 minimi
480 1590 638 1655 doctrina
656 1589 742 1655 facit
760 1586 890 1656 clarum
909 1588 1111 1655 inveniendi

258 1704 393 1790 Insigni
413 1705 587 1789 methodo,
605 1706 679 1770 sine
697 1728 765 1790 qua
786 1705 943 1771 nonulla
963 1704 1106 1770 metriae

258 1819 326 1885 Ars
345 1820 470 1885 referet
488 1820 654 1907 speciom3
675 1821 833 1906 quamvis
852 1843 924 1886 non
941 1820 1022 1886 inde
1040 1819 1190 1886 minores

258 1936 424 2022 Antiquis
443 1938 588 2002 referam
607 1943 738 2023 gratae,
759 1937 850 2022 quod
867 1937 1119 2024 principiorum

259 2053 433 2118 Virtutem
451 2052 495 2117 ad
514 2058 629 2118 actum
649 2075 719 2117 non
738 2058 906 2119 vexerunt
926 2053 1103 2118 meliorem

196 2172 235 2233 15
260 2169 418 2250 (Quando
434 2168 590 2234 mort-alis
607 2169 748 2254 quinam
767 2168 860 2255 potis
879 2175 968 2234 esset
988 2191 1107 2234 eorum

258 2283 414 2349 Perfecto
434 2291 575 2350 cunctas
594 2292 669 2351 tum
688 2286 825 2351 alenium
844 2308 984 2351 cernere
1001 2285 1093 2351 vires
1105 2286 1147 2368 P),

260 2400 363 2478 Qneis
382 2400 526 2466 ducibus
545 2401 645 2467 licuit
663 2402 828 2467 maiorem
844 2401 1059 2489 apprendere
1076 2401 1202 2484 lucem,

258 2517 406 2602 Alteque
426 2518 464 2583 in
482 2518 623 2603 reliquis
642 2518 829 2585 formatum
848 2518 1006 2583 attollere
1024 2538 1173 2582 sensum.

258 2634 307 2698 At
326 2634 450 2700 stultos
470 2635 647 2719 querimur
664 2641 820 2723 propter,
840 2635 898 2720 qui
917 2635 1062 2720 antiqua
1080 2637 1217 2720 reperta

192 2743 237 2807 20
260 2749 350 2814 Sunt
366 2749 441 2814 ausi
460 2756 626 2815 temerare
643 2751 756 2836 noviS,
776 2751 1023 2835 methodosque
1041 2748 1202 2815 laborant

258 2864 503 2952 Multiplicaro,
525 2865 651 2951 quibus
671 2867 817 2954 simplex
837 2867 897 2932 illa
916 2888 1055 2950 unaque
1072 2863 1149 2929 veri

258 2982 409 3048 Confusa
428 2989 479 3048 cst
498 2985 640 3070 specics,
661 2987 838 3071 multaque
856 2984 1001 3070 ambage
1019 2980 1168 3048 latescit.
1376 3007 1402 3047 aa

339 3210 505 3289 Minimum,
521 3212 660 3287 quamvis
675 3212 720 3272 sit
742 3209 932 3287 insensibile,
951 3209 1047 3271 nihilo
1073 3219 1178 3272 tamen
1205 3211 1305 3272 minus
1332 3230 1402 3271 con·

237 3352 240 3359 ¹
259 3330 466 3408 templationis
484 3330 636 3390 obiectum
654 3349 723 3391 esse
739 3336 852 3409 potest.
870 3328 985 3390 Sensus
1001 3329 1115 3408 quippe
1142 3349 1180 3391 ex
1199 3349 1309 3407 magno
1338 3348 1403 3390 cer·

192 3445 235 3508 25
258 3445 419 3507 titudinem
440 3445 523 3506 illius
544 3446 693 3525 adsumit,
711 3446 762 3507 ubi
778 3445 872 3508 fuerit
889 3467 957 3507 cum
983 3447 1038 3507 tali
1060 3446 1179 3508 ratione
1207 3445 1400 3525 coniunctus,

259 3561 379 3638 qualem
405 3560 436 3619 in
464 3560 662 3636 sequentibus
690 3561 875 3640 aperiemus;
894 3581 1074 3638 quamquam
1091 3568 1123 3621 et
1143 3559 1235 3620 facile
1256 3580 1312 3638 pro
1340 3581 1400 3622 uno

259 3677 419 3738 doctrinae
435 3697 564 3755 genere,
582 3698 692 3758 nempe
709 3698 747 3739 ex
763 3679 822 3740 hoc
837 3679 919 3756 quod
933 3676 1232 3758 comprehendimus,
1247 3678 1400 3752 quomodo

260 3806 291 3859 et
312 3799 421 3875 quibus
447 3798 580 3858 numeris
608 3797 745 3858 eiusdem
768 3798 885 3876 figurae
906 3803 997 3872 atque
1022 3792 1242 3873 magnitudinis
1270 3813 1401 3874 corpora

260 3924 441 3978 concurrant
470 3917 509 3978 ad
539 3917 641 3996 magni
673 3918 704 3977 in
733 3916 859 3978 eandem
887 3913 1015 3992 figuram
1041 3912 1239 3990 adsurgentis
1267 3916 1400 3995 comple·

194 4034 238 4097 30
260 4047 402 4099 mentum.

341 4154 357 4200 l
380 4158 426 4216 14.
449 4157 555 4217 Omnis
571 4175 682 4234 nempe
700 4155 797 4233 figura
812 4151 970 4214 rectilinea
994 4149 1092 4230 primo
1110 4148 1202 4209 trium
1226 4151 1398 4226 aequalium

262 4321 541 4330 ----—.--—--
570 4321 745 4329 —-—-
758 4320 797 4325 -,
816 4319 841 4324 ,-
966 4311 1124 4321 ---——.
1141 4313 1214 4320 .—.-
1228 4315 1252 4321 --
1274 4316 1295 4321 ...
1322 4318 1392 4325 ,-,,

354 4405 369 4454 7
385 4403 423 4452 sic
