3428 5138
358 370 398 435 68
535 417 540 423 -
797 388 935 438 tonnam
957 388 1059 438 nevar

360 564 479 632 circuli
503 564 669 632 diametro
688 567 743 632 vel
762 567 1029 652 semidiametro,
1050 573 1084 632 et
1107 567 1239 634 minore
1258 565 1500 634 circumferen-

359 690 428 757 tiae
451 690 724 777 adcommodata;
743 692 793 759 ita
807 683 905 759 'enim
923 693 1057 760 habebo
1082 700 1213 780 quanta
1236 717 1316 782 pars
1340 694 1386 761 sit
1415 693 1500 761 haec

360 816 444 905 eiua,
465 819 562 886 ouius
581 819 642 885 illa
661 828 713 887 est
731 821 896 888 medietas
915 822 971 889 vel
990 829 1144 888 sextans:
1163 822 1265 889 facile
1284 845 1500 890 communem

359 968 540 1013 numerum
550 947 730 1036 utriusque
743 950 799 1015 v'el
815 949 951 1016 minimi
965 949 1281 1045 denominationem
1299 971 1500 1017 mensuran-

314 1081 335 1144 ἴ)
358 1074 404 1142 tis
423 1084 625 1144 consecutus
648 1101 720 1145 esse
743 1078 914 1146 videbere.
938 1081 988 1148 Ut
1010 1080 1103 1146 enim
1127 1079 1318 1147 communis
1340 1101 1502 1146 mensura

359 1206 482 1272 tertiae
501 1214 535 1273 et
554 1215 697 1294 quartae
712 1209 822 1296 partis
839 1207 960 1274 circuli
983 1217 1035 1275 est
1057 1231 1138 1297 pars
1162 1208 1267 1275 tertia
1283 1207 1429 1275 deducta
1439 1229 1503 1294 per

360 1343 532 1423 quartam,
549 1360 672 1426 nempe
687 1344 788 1425 capta
804 1343 928 1425 quarta
943 1343 1043 1425 parte
1061 1337 1186 1403 tertiae
1208 1337 1264 1404 vel
1284 1336 1387 1403 tertia
1401 1342 1501 1423 parte

359 1470 502 1550 quartae
529 1470 581 1547 (ea
611 1462 704 1530 enim
734 1471 786 1530 est
814 1463 1015 1530 duodecima
1035 1463 1185 1550 circuli),
1214 1463 1264 1530 ita
1291 1463 1330 1529 in
1358 1462 1501 1530 caeteris

359 1587 450 1654 idem
472 1595 525 1655 est
548 1588 723 1655 iudicium.
750 1590 824 1655 160.
848 1589 897 1656 Ut
920 1610 1136 1655 communem
1159 1610 1356 1655 mensuram
1382 1587 1502 1654 lateris

295 1716 336 1779 10
359 1712 528 1800 trianguli
556 1714 760 1800 aequilateri
795 1720 830 1780 et
859 1714 978 1780 lateris
1008 1716 1012 1803 Ι
1043 1713 1204 1802 quadrati
1237 1713 1366 1780 circulo
1390 1712 1501 1780 eidem
1524 1717 1615 1781 14*

359 1838 605 1927 inscriptorum
627 1839 824 1905 inveniam?
848 1840 924 1907 Hoc
951 1847 1062 1926 pacto.
1089 1841 1162 1905 161.
1192 1838 1288 1917 Quae
1310 1838 1502 1906 communis

359 1986 518 2030 mensura
537 1971 650 2030 costae
669 1972 704 2030 et
723 1965 891 2031 diametro
915 1964 1098 2051 quadrati?
1122 1964 1280 2031 circulus
1304 1964 1360 2030 cui
1383 1963 1503 2031 inscri-

359 2087 472 2155 batur.
490 2088 574 2154 Eius
593 2089 686 2155 enim
706 2089 954 2176 quadrifariam
972 2089 1076 2157 divisi
1095 2112 1164 2156 una
1187 2113 1268 2178 pars
1287 2096 1418 2157 costam
1437 2096 1503 2158 ter·

359 2214 484 2300 minat,
505 2214 592 2280 duae
615 2214 835 2298 diametrum3
860 2215 991 2281 divisus
1015 2214 1212 2282 octisariam
1235 2214 1369 2282 duabus
1390 2215 1502 2282 conti-

295 2353 335 2416 15
358 2347 419 2405 net
428 2346 568 2424 costam,
580 2347 729 2426 quatuor
741 2347 857 2407 autem
869 2341 1090 2424 diametrum
1106 2340 1148 2406 de
1160 2340 1333 2407 sexdecim
1341 2339 1501 2428 partibus

358 2473 506 2552 quatuor
523 2466 627 2550 latus,
647 2475 724 2533 octo
748 2466 968 2550 diametrum3
983 2466 1025 2532 de
1040 2465 1174 2532 duabus
1194 2472 1229 2532 et
1251 2464 1400 2554 triginta
1425 2472 1502 2532 octo

358 2592 462 2674 latus,
479 2590 650 2657 sexdecim
666 2613 747 2658 uero
759 2591 965 2658 diametrum
975 2590 1223 2657 terminabunt.
1236 2590 1309 2656 162.
1323 2589 1502 2669 Quomodo

358 2714 492 2781 habebo
521 2738 736 2783 commimem
763 2738 959 2782 mensuram
994 2714 1180 2802 quadranti
1203 2711 1503 2781 circumferentiae

360 2864 463 2927 quam
498 2841 677 2907 subtendit
704 2850 799 2908 costa
831 2841 1006 2928 quadrati,
1042 2841 1127 2907 item
1158 2839 1367 2907 semicirculi
1399 2861 1502 2926 quem

291 2978 337 3041 20
358 2966 536 3033 subtendit
555 2966 736 3035 diameter.
756 2967 838 3032 item
857 2965 1026 3032 sextantis
1050 2965 1143 3051 quod
1164 2963 1387 3032 subtenditur
1410 2986 1431 3030 a
1454 2986 1503 3029 se·

359 3092 598 3158 midiametro?
618 3092 718 3158 quta
739 3115 920 3158 numerum
939 3091 1113 3157 senarium
1129 3090 1271 3157 ductum
1284 3112 1347 3177 per
1366 3096 1503 3176 quater·

359 3217 509 3299 narium;
533 3218 701 3304 vigesima
726 3234 848 3303 quarta
876 3216 969 3281 enim
989 3215 1108 3282 circuli
1136 3215 1246 3282 sexies
1270 3223 1322 3281 est
1345 3214 1384 3281 in
1406 3220 1502 3281 costa

360 3341 533 3429 quadrati,
558 3352 680 3428 quater
704 3342 741 3407 in
764 3341 1033 3421 semidiametro,
1057 3340 1239 3406 duodecies
1263 3339 1300 3406 in
1322 3339 1518 3428 diametro.-

361 3469 434 3534 163.
464 3467 515 3534 Ut
537 3489 752 3533 communem
776 3488 972 3532 mensmum
996 3476 1071 3531 tum
1094 3465 1304 3552 syrnmetris,
1327 3472 1404 3532 tum
1425 3464 1503 3531 vul·

291 3602 335 3665 25
357 3593 450 3679 gatis
468 3592 687 3680 asymmetria
710 3614 781 3657 non
804 3590 915 3657 solum
939 3613 1001 3678 per
1023 3589 1204 3675 terminos,
1228 3589 1289 3655 sed
1313 3589 1419 3656 etiam
1440 3611 1503 3677 per

359 3721 471 3807 ipsam
500 3717 765 3784 continuitatem
790 3728 821 3780 et
842 3715 985 3781 minima
1010 3713 1210 3781 inveniam?
1234 3712 1309 3802 Ope
1331 3712 1503 3800 t-riangnli

359 3845 577 3931 aequilateri,
593 3844 690 3910 errius
705 3843 795 3908 latus
812 3857 861 3906 est
883 3841 993 3906 nraior
1008 3854 1041 3905 et
1059 3840 1115 3906 cui
1132 3840 1245 3906 minor
1260 3839 1353 3905 linea
1367 3838 1505 3907 adcom-

358 3969 532 4053 modatur,
552 3968 731 4054 divisoque
754 3968 861 4031 latere
885 3965 921 4030 in
945 3963 1075 4050 aliquot
1098 3982 1208 4029 certas
1226 3982 1343 4052 partes
1366 3986 1436 4031 una
1453 3962 1500 4029 ad

356 4094 522 4181 angulum
541 4093 743 4158 subtensmn
761 4089 1050 4156 arlcmnmodetur.
1070 4089 1170 4156 i'mle
1192 4089 1295 4156 limat
1318 4087 1443 4173 (forma
1461 4087 1501 4154 iu

1153 4272 1192 4279 ..-
1292 4272 1305 4279 ..
1320 4270 1500 4281 *-

448 4363 479 4411 la
489 4361 568 4422 ,torre
584 4360 752 4426 quadrantis
