3428 5138
254 417 314 477 254
548 433 688 480 rounam
708 435 810 480 envnr
831 435 875 480 nn
896 434 1033 495 unnim,
1054 432 1102 477 111.

214 607 217 613 ·
254 596 303 648 est
320 588 412 648 tertia
428 607 500 667 pars
517 589 618 665 unius,
642 597 714 649 tunc
735 588 900 650 duodecies
919 589 974 648 illa
990 587 1083 647 ducta
1099 585 1241 664 implebit
1267 590 1397 661 quatuor

256 705 370 785 primas
391 714 510 785 partes,
532 706 587 768 sed
609 706 805 787 appellantur
820 707 899 768 istae
920 714 1026 786 partes
1040 703 1191 766 secundae
1205 710 1344 781 quatuor.
1363 701 1396 761 si

256 829 347 911 estflv.
364 843 393 899 g.
412 823 527 899 aliquid
543 824 695 884 modicum
712 823 782 903 plus
800 824 850 884 vel
869 824 968 883 minus
983 842 1071 899 quam
1088 821 1182 882 tertia
1202 838 1274 898 pars
1292 819 1392 894 unius,

186 946 192 955 '
256 948 327 999 tunc
345 939 397 1020 (ad
408 959 534 1000 examen
545 941 705 1000 tertiarum
725 941 871 1018 partium)
882 939 956 999 illud
970 938 1134 1017 residuum,
1152 917 1235 1015 qnod
1252 942 1301 997 est
1316 938 1397 997 ultra

210 1044 230 1107 5
254 1056 392 1116 velcitra
403 1055 625 1128 deducendum,
638 1055 804 1116 duodecies
821 1057 959 1135 capiatur
975 1057 1076 1134 ipsum
1093 1054 1144 1114 vel
1160 1051 1198 1132 (si
1217 1053 1316 1113 minus
1334 1051 1398 1113 fue·

254 1170 295 1232 rit
311 1191 401 1248 quam
419 1172 486 1250 capi
503 1172 615 1251 possit)
633 1171 732 1231 altera
748 1191 820 1250 pars
838 1172 948 1248 maior,
966 1179 1000 1230 ut
1023 1177 1129 1249 partes
1150 1169 1229 1229 elias
1256 1167 1398 1228 adiicien·
1434 1253 1438 1257 .

254 1286 310 1347 das
326 1288 535 1348 subalternato
554 1287 661 1347 ordine
682 1305 778 1362 usque
795 1287 826 1346 in
844 1286 936 1348 finem
951 1287 1053 1365 possis
1069 1285 1232 1364 inspicere.

334 1422 352 1470 ‘i
372 1404 458 1463 Haec
471 1402 615 1464 deductio
632 1401 830 1482 practicando
844 1400 879 1462 iit
893 1423 986 1480 super
1000 1401 1107 1461 eadem
1125 1408 1216 1479 atquo
1233 1421 1293 1460 una
1305 1400 1400 1479 linea,

254 1519 286 1578 in
303 1538 362 1596 qua
378 1526 483 1597 partes
500 1520 616 1598 primae
634 1527 705 1579 sunt
722 1521 877 1598 signatae;
902 1539 979 1597 quae
1000 1520 1050 1578 hic
1075 1526 1201 1614 propter
1223 1517 1399 1597 explicatio·

191 1636 233 1699 10
254 1655 324 1696 nem
342 1645 373 1697 et
390 1636 617 1696 distinctionem
634 1636 666 1695 in
683 1636 892 1697 subordinatis
909 1637 1004 1696 rectis
1021 1636 1220 1697 ostendimus.

336 1764 353 1811 *i
373 1753 485 1813 Partes
497 1752 577 1812 istae
595 1751 761 1813 secundum
775 1770 974 1830 progressum
993 1773 1010 1812 a
1031 1751 1138 1829 primis
1153 1750 1192 1811 ad
1204 1749 1396 1828 secundas,e

256 1869 398 1930 secundis
415 1868 452 1928 ad
470 1868 579 1929 tertias
594 1869 764 1929 subiective
782 1874 895 1944 quanto
913 1868 1012 1945 magis
1034 1867 1287 1946 multiplicantur,
1308 1874 1393 1925 tanto

256 1986 354 2046 minus
372 1993 420 2046 est
436 1984 518 2062 quod
534 1984 710 2060 adsumunt;
729 1983 800 2044 ideo
819 1984 925 2045 ordine
942 2005 1001 2062 quo
1030 1990 1172 2043 crescunt
1194 1981 1324 2059 numeri,
1349 1999 1395 2040 eo·

256 2102 325 2162 dem
352 2104 420 2165 vice
446 2123 537 2164 versa
563 2104 660 2165 moles
682 2103 879 2164 denominata
899 2123 955 2182 per
980 2121 1123 2164 numeros
1149 2108 1338 2178 attenuatur,
1364 2109 1398 2161 ut

192 2216 233 2279 15
256 2227 343 2297 patet
359 2220 391 2280 in
407 2220 546 2281 subiecto
564 2219 716 2297 triangulo
736 2217 827 2280 ABG.

303 2455 372 2495 Latus
390 2455 456 2495 istius
475 2454 584 2504 trianguli
601 2454 662 2494 valet
681 2454 848 2505 triacontas,
871 2455 933 2495 ouius
951 2455 1128 2507 proportionalis
1146 2453 1256 2505 trianguli
1277 2453 1337 2495 latus
1407 2432 1557 2509 p·115

348 2527 410 2568 vaiet
426 2528 451 2567 12
466 2527 553 2577 tertias,
566 2531 589 2566 at
601 2526 634 2566 ita
646 2527 706 2567 ultra
720 2527 811 2567 ultimus
823 2538 929 2568 numerus
941 2528 966 2567 in
978 2528 1093 2568 infinitum
1106 2527 1166 2568 vaiet
1176 2530 1201 2566 ut
1211 2527 1306 2577 primus.

660 2681 761 2765 scilta
786 2721 994 2768 nvonnnanu

679 2836 771 2872 nostrae
786 2833 836 2872 viae
851 2833 991 2874 deserviens.

615 3015 1048 3067 5259780852

638 3103 1027 3153 429987696

662 3189 1004 3240 35831808

637 3255 1029 3266 ----

685 3277 981 3326 2985984

500 4192 515 4239 ὃ
533 4191 618 4252 citra,
634 4192 831 4242 deducendum
844 4193 998 4243 duodecies
1063 4197 1093 4244 18
1108 4211 1212 4245 scnnnn
