3428 5138
478 397 633 445 1111111111
654 397 824 444 rovensis
845 397 1112 445 11111111111111.
1327 381 1366 441 69

222 573 457 663 superioribus
476 573 607 656 habita)
623 571 857 640 differentiam
876 573 968 639 inter
986 573 1105 639 ambas
1125 573 1234 639 lineas
1253 573 1365 659 inqui-

222 723 297 765 rere
316 707 351 766 et
369 699 538 782 invenire;
558 721 600 764 ex
619 720 658 765 co
682 698 775 763 enim
799 699 990 765 communis
1014 720 1175 763 mensura
1198 697 1364 765 facillime

222 824 364 891 definita
384 830 418 890 et
437 823 659 891 denominata
678 829 738 888 est.
761 825 765 907 Ι
785 823 832 889 Ε1
850 822 955 888 habes
974 822 1189 908 facultatem,
1208 846 1275 910 qua
1290 830 1366 890 tum
1390 830 1476 894 ἰδ’

223 957 333 1017 rectas
352 957 428 1017 tum
447 973 569 1016 curvas
588 948 758 1035 usquead
777 948 922 1015 minima
937 947 1139 1016 resolvendo
1158 949 1312 1034 metiarc,
1333 956 1367 1015 et

179 1075 327 1142 bunius
358 1099 555 1142 mensuram
592 1097 670 1141 cum
703 1074 845 1141 alterius
877 1096 1038 1140 mensura
1065 1073 1237 1159 conferes,
1275 1074 1367 1161 quod

221 1203 296 1269 veri
313 1209 509 1289 geometrae
528 1224 623 1288 opus.
645 1201 718 1266 164.
738 1201 788 1268 111
806 1199 1054 1286 homogeneem
1077 1223 1273 1267 mensuram
1297 1201 1366 1268 dia·

221 1334 330 1394 metro
349 1335 454 1413 atque
477 1332 590 1393 costae
614 1325 805 1411 inveniam,
830 1332 935 1412 atque
958 1325 1102 1391 caeteris
1126 1328 1363 1393 communem?

219 1453 344 1519 Nonne
370 1452 547 1541 praedicta
570 1451 697 1536 forma,
720 1450 781 1516 ubi
805 1449 972 1516 diameter
1000 1449 1046 1516 sit
1073 1449 1166 1515 basis
1196 1451 1365 1538 trianguli

220 1578 438 1666 aequilateri,
462 1585 502 1643 ut
524 1600 556 1643 v.
575 1600 608 1663 g.
628 1577 667 1663 (J)
689 1575 759 1641 GM
778 1575 815 1640 in
838 1573 1013 1662 triangulo
1038 1574 1143 1658 cGM,
1167 1576 1258 1642 latus
1281 1599 1363 1642 vero

155 1699 197 1763 10
219 1700 396 1789 triangulo
425 1701 737 1782 adcommodatum,
763 1707 802 1766 ut
825 1700 904 1785 FH,
929 1699 974 1765 ad
1001 1701 1168 1786 angulum
1195 1701 1365 1788 trianguli

219 1828 435 1913 subtensum,
455 1835 494 1894 ut
513 1826 563 1893 ibi
582 1828 635 1908 bd,
656 1832 695 1891 ut
713 1824 788 1892 visa
808 1826 849 1890 bd
869 1847 962 1891 nunc
986 1824 1125 1911 quidem
1154 1834 1258 1912 quota
1283 1851 1363 1916 pars

219 1954 266 2020 sit
289 1953 443 2039 maioris,
466 1961 552 2042 puta
577 1951 647 2018 GM
652 2002 660 2036 ,
677 1958 711 2017 11
735 1957 840 2036 quote
864 1951 1020 2035 minoris,
1045 1974 1169 2039 nempe
1185 1952 1248 2040 fb,
1268 1953 1363 2019 inve·

218 2078 335 2145 niatur
353 2101 516 2146 numerus
536 2077 740 2162 communis,
760 2076 922 2143 ultimum
942 2075 1074 2144 scilicet
1093 2084 1293 2164 certumque
1312 2102 1363 2146 re-

218 2203 376 2270 siduum?
405 2204 480 2270 165.
500 2204 549 2271 Ut
577 2202 723 2269 eundem
753 2200 920 2268 circulum
949 2201 1005 2269 vel
1035 2225 1154 2270 arcum
1178 2203 1360 2272 definimus

151 2329 193 2394 15
216 2351 358 2395 numero
383 2328 523 2395 maioris
553 2336 588 2394 et
611 2327 844 2415 cuiuscunque
867 2326 1023 2412 minoris,
1048 2335 1087 2394 ut
1110 2337 1361 2416 consequenter

216 2452 345 2520 nullius
365 2476 442 2520 cum
465 2453 533 2520 alia
557 2452 748 2519 commimis
772 2474 932 2518 mensura
955 2474 1025 2518 non
1049 2453 1108 2537 sit,
1133 2461 1169 2519 et
1191 2454 1287 2521 nulla
1312 2454 1358 2520 sit

216 2577 496 2645 denominatione
525 2577 666 2644 carens?
690 2578 756 2643 Per
778 2577 930 2665 primum
953 2577 1056 2644 huius
1083 2578 1229 2644 membri
1261 2601 1357 2666 opus.

218 2702 291 2768 166.
310 2703 360 2770 111
378 2724 574 2769 mensuram
594 2702 714 2770 circuli
733 2725 753 2769 1
772 2701 985 2790 temporibus
1006 2701 1195 2769 Ptolemaei
1212 2701 1256 2770 ed
1275 2705 1359 2770 haec

215 2850 322 2914 usque
337 2835 493 2915 tempora
509 2834 683 2894 servatam
694 2827 858 2894 demnas?
875 2827 925 2895 Ut
943 2827 1082 2894 sinuum
1098 2833 1132 2893 et
1151 2827 1358 2894 chordarum

147 2952 193 3017 20
216 2951 352 3019 tabulas
367 2953 510 3053 abiicis?
530 2952 567 3018 Si
587 2952 765 3020 considero
779 2952 1006 3038 quadrantem
1025 2951 1146 3018 circuli
1167 2975 1270 3040 super
1286 2952 1359 3019 die·

216 3084 364 3144 metrum
383 3102 454 3144 esse
471 3078 630 3164 iniquum
647 3077 834 3144 secundum
853 3085 966 3144 totum
981 3084 1016 3143 et
1035 3076 1221 3143 secundum
1239 3099 1357 3143 omnes

215 3210 319 3288 atque
342 3204 496 3290 singulas
519 3212 635 3291 partes
659 3212 693 3268 et
711 3203 865 3291 partium
882 3209 1008 3290 partes.
1032 3203 1153 3268 Partes
1176 3202 1268 3268 enim
1293 3203 1356 3269 sub

215 3348 418 3414 quocimque
448 3335 521 3394 toto
552 3350 686 3415 semper
709 3349 801 3394 nova
824 3335 928 3415 egent
960 3348 1131 3410 mensure,
1166 3327 1247 3413 quie
1277 3350 1357 3395 nus·

215 3473 317 3538 quam
348 3451 454 3519 totius
482 3459 535 3518 est
554 3452 774 3519 medietatem
793 3452 888 3538 dare,
909 3475 969 3518 seu
991 3473 1170 3538 nunquam
1194 3459 1246 3519 est
1270 3453 1356 3519 acci-

146 3577 190 3642 25
213 3598 293 3663 pere
312 3585 461 3664 partem,
480 3599 568 3664 quae
587 3577 640 3643 bis
664 3577 710 3643 sit
733 3578 771 3644 in
795 3584 877 3645 toto.
901 3577 992 3644 Nam
1015 3577 1098 3643 licet
1126 3577 1240 3665 prime
1269 3579 1356 3646 divi·

213 3701 308 3767 sione
329 3704 333 3787 Ι
355 3709 445 3768 certe
464 3709 602 3769 tantum
620 3702 781 3769 diametri
799 3709 937 3770 tantum
953 3701 1134 3770 subtendit
1152 3725 1265 3789 arcus,
1282 3726 1353 3771 non
1376 3702 1464 3766 15⁹

213 3833 328 3892 temen
348 3827 504 3913 sequitur
522 3828 709 3895 secundum
729 3829 864 3896 eosdem
882 3828 1023 3915 gradus,
1049 3828 1141 3914 quod
1164 3829 1354 3916 particulae

212 3952 359 4020 istarum
378 3961 549 4020 rectarum
567 3954 720 4042 partium
745 3961 838 4021 certo
855 3954 1044 4043 particulas
1069 3976 1252 4021 curvarum
1281 3955 1356 4022 1111-

213 4098 289 4145 rum
310 4078 429 4146 ordine
452 4079 671 4146 subtendent.
690 4081 740 4148 Ut
759 4080 851 4147 enim
870 4080 991 4171 bisocti
1012 4080 1215 4166 quadrantis
1238 4089 1354 4168 partes

222 4264 387 4278 —..—-.--
401 4271 429 4276 --
441 4271 654 4279 .-.-.-——--—

305 4370 335 4422 14
352 4366 473 4419 abbiamo
487 4370 612 4438 appiana>
624 4371 642 4420 l'
652 4369 843 4438 interropan'oo
907 4375 937 4425 18
953 4372 1113 4425 Ptolomaei
