3428 5138
262 362 319 423 148
571 378 709 425 rounam
724 377 828 424 neum
848 378 893 423 nn
914 378 1048 441 amanto,
1070 378 1091 423 1.

339 550 356 597 a
372 534 422 595 47.
443 533 550 612 Sexta,
568 534 599 594 in
620 533 724 611 anguli
739 534 870 594 termino
891 553 984 612 super
1000 534 1091 612 plano
1109 532 1159 595 vel
1178 532 1265 595 linea
1283 535 1348 597 AB
1364 556 1412 597 ec

259 659 348 732 cepto
360 658 471 731 puncto
484 651 522 730 Ο,
534 671 626 730 super
637 672 696 728 qua
706 658 791 711 recta
803 650 857 711 OD
868 650 927 711 fixo
940 659 1074 712 extremo
1087 649 1111 711 C
1122 668 1201 711 nunc
1217 650 1265 735 inl
1272 654 1413 715 clinetur
1434 662 1475 725 p.
1491 646 1542 712 18

258 790 338 831 nunc
355 776 497 848 exurgat,
515 769 557 830 ibi
580 770 619 829 ab
642 768 750 829 eodem
769 768 793 828 C
810 768 940 847 angulus
961 777 1068 830 acutus
1089 776 1122 828 et
1139 768 1282 847 obtusus,
1305 772 1412 833 extre-

258 886 316 947 mis
345 887 394 948 vel
423 885 532 946 mediis
548 885 727 961 rationibus,
755 890 787 944 et
810 904 904 961 super
919 884 1001 944 linea
1020 883 1078 943 AB
1095 883 1224 945 cadente
1240 892 1332 946 recta
1350 884 1408 947 OD

215 1002 348 1066 insimul
366 1002 521 1063 intereunt
546 1000 676 1061 maxime
704 1008 811 1061 acutus
840 1007 871 1060 et
903 1000 1030 1060 obtusus
1056 999 1199 1076 anguine,
1228 998 1282 1076 qui
1308 1001 1408 1063 simul

258 1118 366 1179 eedem
384 1125 551 1194 exurgente
568 1124 744 1178 nascuntur.

339 1246 357 1293 ‘t
374 1236 421 1293 54.
444 1232 590 1312 Septimo,
601 1233 632 1292 iu
644 1232 766 1293 minimo
783 1252 857 1293 arcu
868 1237 900 1292 et
913 1232 1036 1292 minima
1053 1230 1177 1308 chorda,
1194 1251 1323 1311 quorum
1342 1253 1408 1295 om·

258 1350 329 1410 nino
350 1369 411 1409 non
428 1348 530 1427 poesis
548 1347 753 1408 differentiam
770 1349 863 1408 uliam
881 1347 1040 1425 effingere,
1059 1348 1138 1408 sicut
1158 1346 1251 1408 etiam
1268 1348 1300 1408 in
1317 1346 1407 1410 idern

257 1464 385 1526 veniunt
407 1463 556 1524 maximus
583 1483 673 1524 arcus
699 1472 790 1540 atque
817 1462 946 1541 chorda,
973 1463 1218 1542 quandoquidem
1243 1471 1333 1524 tanto
1362 1464 1407 1524 ad

194 1583 236 1647 10
258 1580 474 1641 rectitudinem
490 1580 589 1657 magis
608 1580 738 1659 accedit,
758 1589 869 1657 quanto
888 1579 984 1640 maior
1001 1590 1051 1641 est
1070 1599 1160 1641 arcus
1177 1579 1231 1641 OD
1252 1579 1307 1639 EF
1329 1577 1405 1659 GH,

258 1705 292 1757 ut
308 1697 432 1758 taudem
448 1718 524 1776 opus
540 1699 593 1776 sit,
609 1705 643 1757 ut
658 1697 779 1757 maximi
794 1697 873 1777 cycli
887 1718 977 1758 arcus
992 1697 1073 1758 idem
1091 1697 1132 1759 eit
1146 1696 1226 1775 quod
1243 1703 1331 1758 recta
1341 1696 1405 1759 ΙΚ.

337 1816 419 1875 tb‘d.
440 1814 530 1875 Unde
547 1815 686 1890 sequitur
707 1814 852 1875 circulum
865 1814 1017 1874 infinitum
1042 1821 1075 1874 ot
1099 1821 1214 1875 rectam
1235 1812 1405 1892 infinitam,

257 1929 330 1990 item
349 1930 529 1990 diametrum
546 1930 710 2008 infinitum,
732 1951 871 2010 campum
895 1950 950 1991 seu
967 1950 1083 2007 aream,
1102 1938 1238 1991 centrum
1254 1937 1287 1989 et
1305 1929 1405 2005 quod·

258 2064 384 2123 cumque
402 2046 484 2106 aliud
500 2045 715 2122 nondiffer1e3
733 2047 813 2108 sicut
831 2047 922 2107 etiam
939 2046 970 2105 in
984 2053 1111 2125 puncto,
1126 2046 1177 2123 qui
1189 2045 1333 2105 minimus
1349 2052 1401 2105 est

193 2162 234 2225 li')
257 2161 400 2240 circulus,
419 2182 478 2222 nou
497 2161 653 2224 differunt.

336 3001 353 3047 a
370 2994 417 3053 65.
441 2992 573 3068 Octavo,
591 2990 622 3049 iu
640 2989 770 3049 maximo
788 2995 819 3048 at
836 2988 1032 3049 uelocissimo
1054 2995 1150 3067 motu,
1170 2996 1203 3051 et
1219 2988 1401 3067 simpliciter

259 3107 360 3180 tardo,
380 3128 434 3168 scu
455 3108 586 3167 maxima
603 3106 717 3183 quiete,
735 3125 813 3181 quac
830 3105 951 3165 omuino
973 3112 1096 3184 oportet
1113 3124 1182 3166 esse
1199 3125 1292 3165 unum
1309 3115 1401 3182 utque

258 3224 349 3284 idem.
362 3224 440 3285 Nam
459 3223 641 3302 simpliciter
658 3223 749 3283 velox
765 3221 847 3298 quod
861 3228 1001 3282 movetur
1014 3223 1052 3283 ab
1064 3224 1092 3281 A
1106 3221 1138 3281 in
1154 3221 1181 3280 B
1199 3228 1232 3283 et
1246 3242 1264 3281 a
1277 3221 1305 3281 B
1320 3222 1351 3281 in
1362 3222 1402 3299 A,

191 3345 235 3409 20
258 3339 348 3400 simul
366 3349 414 3400 est
430 3340 462 3400 ia
479 3342 507 3399 A
526 3339 597 3399 etB
615 3348 648 3398 at
674 3339 703 3397 iu
728 3346 794 3398 toto
811 3359 904 3417 gyro3
924 3338 1028 3416 itaque
1052 3346 1163 3400 mouet.
1192 3338 1273 3399 Hinc
1297 3337 1403 3399 divina

258 3454 409 3533 sapientia
427 3474 504 3531 quae
528 3454 653 3532 attingit
676 3454 776 3513 omnia
798 3461 829 3513 ot
850 3462 898 3514 cst
914 3455 946 3514 in
967 3454 1121 3532 omnibus,
1140 3454 1224 3515 dicta
1241 3462 1290 3515 est
1306 3453 1402 3515 mobi-

258 3570 376 3631 lissima
390 3570 536 3639 omnium,
561 3571 631 3645 quie
647 3570 759 3647 ubique
784 3579 898 3647 manet,
917 3578 948 3629 et
964 3570 1220 3648 immobilissima,
1239 3571 1311 3646 qnia
1328 3570 1404 3630 ocis·

258 3687 334 3747 sime
351 3688 477 3763 attingit
494 3709 512 3748 a
533 3687 593 3747 fiue
611 3707 707 3764 usque
725 3686 763 3746 ad
781 3686 871 3747 finem
901 3696 932 3747 at
955 3686 1093 3766 disponit
1114 3686 1216 3748 omnia
1232 3686 1313 3747 intcr
1330 3707 1403 3748 suos

258 3804 369 3880 ubique
387 3804 543 3864 terminos.
562 3804 721 3863 Tribuitur
738 3803 783 3863 illi
801 3811 914 3875 metue,
933 3804 1003 3881 quia
1025 3812 1074 3865 est
1095 3804 1253 3883 vegetatio
1275 3804 1402 3882 etrite,

192 3927 235 3988 ⁸25)
258 3919 344 3979 cuius
361 3919 474 3980 virtuto
493 3920 593 3980 omnia
610 3927 785 3997 mouentum·
802 3920 947 3981 tribuitur
969 3920 1014 3980 iili
1037 3921 1137 3999 quies,
1165 3920 1236 3998 quia
1259 3928 1309 3981 est
1334 3920 1403 3999 ipsu

258 4035 425 4096 aeternitas
437 4044 468 4096 et
479 4037 660 4114 substantia,
678 4036 709 4095 in
724 4058 783 4114 qua
799 4047 832 4097 et
845 4058 900 4117 per
915 4058 1004 4114 quum
1020 4038 1121 4097 omnia
1134 4044 1206 4098 sunt
1220 4044 1251 4096 et
1264 4045 1399 4096 manent.

338 4166 354 4213 t
373 4154 420 4213 m.
443 4153 526 4230 Ergo
543 4151 626 4212 linca
644 4152 718 4212 nihil
738 4160 786 4214 est
800 4154 859 4213 nisi
873 4162 1006 4231 punctus
1022 4161 1133 4231 motus,
1148 4152 1328 4232 superficies
1344 4152 1405 4214 uisi

257 4265 339 4328 linea
353 4275 449 4347 mota,
467 4287 579 4347 corpus
595 4268 654 4328 nisi
671 4268 851 4347 superficies
865 4278 962 4349 mota,
983 4278 1016 4329 et
1032 4275 1256 4345 cousequenter
1272 4277 1403 4349 punct-us

258 4384 380 4444 mobilis
395 4393 443 4445 est
457 4385 629 4446 substantia
643 4385 789 4462 omnium,
802 4393 834 4446 et
847 4392 978 4463 punctus
992 4402 1119 4445 manens
1132 4391 1181 4445 cst
1193 4392 1302 4447 totum.
1314 4385 1401 4447 Idem
