3428 5138
670 433 716 477 DE
736 431 901 478 MENSVBA.

668 759 821 826 OAPV'P
855 760 914 826 IV.

728 992 852 1039 NORMA.

537 1137 653 1198 Angelum
668 1141 753 1179 rectum
767 1146 836 1188 super
850 1136 919 1177 datae
933 1139 1042 1177 extremo.

309 1353 358 1419 At
376 1375 458 1419 vero
476 1352 622 1440 simplex
640 1351 701 1417 ubi
720 1351 812 1416 linea
832 1353 878 1433 (1)
898 1350 1145 1434 constituatur,

174 1462 194 1527 5
218 1467 324 1534 Cuius
344 1468 387 1534 ad
407 1476 597 1534 extremum
618 1469 664 1551 (2)
683 1467 829 1555 petitur,
849 1466 1012 1553 triquetri
1031 1489 1049 1530 e
1068 1465 1181 1531 tribus
1201 1463 1320 1551 aequis

219 1582 274 1648 Sit
292 1583 384 1649 basis
403 1589 443 1649 ut
462 1583 563 1649 facile
581 1583 664 1648 hinc
681 1583 798 1648 veniet
817 1582 970 1671 perfecta
989 1583 1100 1668 figura
1117 1585 1176 1666 (3),

219 1698 438 1787 Cuspideque
458 1700 504 1784 (4)
524 1707 664 1788 accepta
683 1721 746 1787 pro
766 1708 884 1765 centro
900 1721 962 1786 per
980 1698 1048 1764 dua
1067 1705 1197 1786 puncta
1214 1698 1275 1781 (5),

219 1815 352 1902 Nempe
372 1823 524 1883 extrema
544 1814 651 1900 basis,
670 1820 849 1902 percurrat
868 1814 986 1901 cyclus
1003 1815 1065 1897 (6);
1084 1821 1118 1878 et
1137 1812 1218 1877 indo

221 1931 289 1996 Per
308 1938 464 1996 centrum
486 1932 532 2013 (7)
551 1929 696 1996 ulterius
714 1931 806 1996 latus
825 1928 887 1995 uni
906 1936 1037 1994 crescat
1054 1927 1098 1992 ad
1118 1950 1225 2013 usquc
1246 1928 1290 2009 (8)

160 2041 202 2104 10
224 2046 406 2111 Attactum
424 2046 518 2133 gyri;
538 2047 575 2111 in
595 2047 688 2132 quod
707 2047 737 2113 ei
755 2068 836 2111 mox
855 2045 1007 2111 confluat
1025 2045 1128 2130 illud,

222 2163 424 2228 Extremum
444 2172 557 2230 rectae
577 2166 622 2247 (9)
642 2172 677 2229 te
695 2163 902 2251 percussisse
921 2161 1064 2228 videbis

221 2278 332 2344 Linea
350 2278 399 2343 sic
418 2277 524 2343 etiam
542 2277 601 2343 fiet
619 2276 915 2366 perpendicularis
1367 2286 1407 2346 p.
1427 2270 1525 2332 1⁹79

222 2394 280 2462 Ad
299 2401 430 2460 certum
449 2399 632 2481 punctum3
653 2417 765 2480 neque
781 2393 1028 2460 demonstratio
1045 2391 1129 2458 defit
1340 2418 1365 2455 10

223 2511 371 2596 Certior,
391 2533 432 2576 ex
452 2511 547 2577 omni
567 2510 738 2596 siquidem
755 2509 1013 2598 promptissima
1033 2516 1131 2597 parte
1151 2514 1213 2574 est.

159 2705 201 2772 15
302 2721 320 2768 t
347 2709 362 2766 l
396 2705 526 2785 simplex
554 2705 636 2765 linea
667 2703 835 2765 constituta
862 2703 895 2763 in
920 2703 999 2762 atrio
1026 2702 1158 2764 Veneris
1185 2702 1253 2778 QP,
1279 2705 1298 2760 2
1326 2700 1366 2760 ad

224 2832 395 2885 extremum
411 2824 496 2883 cuius
511 2823 551 2900 P,
570 2824 588 2882 3
605 2820 763 2901 perficitur
778 2820 877 2900 figura
896 2819 994 2897 QPA,
1013 2823 1033 2879 4
1050 2819 1178 2898 cuspide
1195 2821 1222 2879 A
1241 2829 1368 2898 accepte

226 2961 283 3020 pro
302 2947 423 3015 centro,
446 2943 465 3000 5
492 2957 548 3018 per
576 2939 649 3012 QP
678 2938 737 2998 duo
765 2946 891 3016 puncta,
913 2939 931 2996 6
950 2937 1104 3016 percurrit
1120 2935 1251 2996 circulus
1269 2935 1364 3011 QPT,

226 3058 244 3116 7
265 3056 336 3117 inde
353 3076 409 3136 per
427 3064 564 3118 centrum
580 3058 622 3134 A,
641 3058 661 3115 8
678 3055 717 3116 ad
744 3060 891 3115 attactum
908 3053 978 3132 gyri
995 3054 1026 3112 in
1045 3053 1084 3130 Τ,
1111 3053 1130 3112 9
1147 3053 1178 3113 in
1201 3052 1282 3130 quod
1303 3072 1370 3112 cou-

226 3172 295 3233 fluit
309 3182 478 3234 extremum
491 3182 594 3234 rectae
612 3172 648 3232 P.

688 3533 840 3598 CAPVT
874 3533 914 3596 V.

685 3762 919 3807 lx'rfflrcEssorr.

375 3907 448 3959 Super
463 3909 516 3948 dato
530 3908 591 3948 lutru
606 3908 682 3949 lineae
696 3909 852 3949 extremitates
866 3912 950 3959 puncto
964 3906 1071 3959 angulum
1086 3913 1173 3948 ructum
1187 3909 1224 3948 «lo.

317 4113 428 4197 Inque
449 4112 506 4178 via
525 4121 674 4200 punctus
695 4113 760 4179 tibi
780 4113 809 4179 ei
826 4112 872 4178 sit
891 4113 1053 4198 traditus,
1074 4114 1111 4178 in
1131 4137 1232 4200 quoni

230 4227 391 4313 Angulus
410 4250 430 4293 a
449 4235 543 4293 rccto
562 4233 614 4294 est
633 4228 772 4295 defluxu
792 4229 1053 4295 constituendus

322 4452 338 4500 8
354 4450 445 4503 ciclus
509 4447 537 4500 ll
554 4457 661 4519 puncta
674 4451 817 4518 percurrit
831 4451 965 4502 circulus.
979 4456 1002 4504 6.
1020 4452 1092 4515 QP'P
