3428 5138
505 455 658 505 eumcum
680 455 850 501 novansvs
872 454 1137 499 ulrnnunmoos.
1358 436 1394 496 'il

254 631 348 700 infra
367 631 621 703 semicirculum
640 655 675 698 se
699 631 971 714 intersecabunt,
996 628 1210 714 relinquetur
1234 635 1332 696 tanto
1356 652 1398 696 ex

257 783 326 826 una
344 765 444 846 parte
462 757 610 845 angulus
625 756 736 823 maior
755 762 849 822 recto
872 761 907 821 et
930 778 971 821 ex
996 754 1104 820 altera
1120 753 1248 839 minor,
1269 763 1398 840 quanto

256 907 346 950 unus
365 906 465 950 arcus
484 889 536 949 est
555 883 666 955 maior
684 882 914 966 semicirculo,
936 882 1024 947 alter
1040 902 1119 947 vero
1136 880 1258 946 minor.
1280 879 1399 946 Simile

257 1009 299 1076 de
317 1009 448 1096 duplici
468 1009 546 1075 sinu
566 1009 609 1079 ad
629 1016 785 1075 centrum
801 1015 854 1074 est
872 1007 1048 1073 iudicium.
1072 1007 1196 1092 Itaque
1212 1005 1322 1091 nobis,
1340 1005 1400 1092 qui

211 1135 234 1201 b
257 1157 375 1201 arcum
399 1135 504 1201 etiam
527 1157 589 1222 per
612 1157 648 1199 se
671 1134 782 1221 ipsum
808 1139 843 1199 et
866 1133 904 1197 in
928 1155 963 1198 se
985 1132 1062 1220 ipso
1085 1131 1245 1199 novimus
1269 1131 1398 1216 metiri,

257 1260 308 1326 nil
327 1283 413 1348 opus
437 1267 488 1326 est
511 1260 611 1349 vagis
630 1260 700 1326 illis
719 1266 753 1327 et
772 1259 919 1348 perditis
938 1257 1133 1325 ratiociniis
1152 1258 1194 1324 de
1214 1257 1347 1324 sinibus
1365 1264 1400 1323 et

258 1385 404 1453 chordis.
436 1385 539 1455 Sinus
563 1392 692 1471 rectuS,
717 1387 776 1473 qui
801 1385 1024 1472 intercipitur
1053 1391 1152 1472 parte
1181 1383 1343 1450 diametri
1366 1390 1401 1448 et

257 1511 535 1600 perpendiculari
563 1511 607 1578 ab
632 1510 740 1577 altero
764 1533 862 1577 arcus
885 1511 1049 1595 termino,
1072 1516 1192 1576 tantus
1216 1516 1268 1575 est
1296 1531 1402 1595 quan·

259 1645 316 1703 tus
335 1643 386 1703 est
405 1659 518 1723 arcus,
539 1644 574 1708 et
592 1659 752 1702 mensura
768 1637 914 1703 duarum
931 1635 1070 1702 illarum
1086 1632 1278 1713 rectalrum
1296 1656 1400 1721 angu-
1425 1631 1513 1696 fssv

144 1811 148 1817 .
194 1761 237 1826 10
259 1763 330 1830 lum
351 1762 568 1833 rectilineum
587 1762 949 1852 comprehendentium
969 1768 1068 1829 tante
1088 1769 1139 1828 est
1160 1767 1289 1848 quanta
1308 1759 1402 1826 illius

259 1912 358 1956 arcus
382 1888 537 1976 omnine,
555 1896 594 1955 ut
624 1889 661 1954 in
692 1888 925 1977 superioribus
948 1887 1161 1955 ostendimus
1190 1887 1265 1974 ipsa
1288 1887 1403 1974 praxi,

260 2021 294 2081 et
328 2013 521 2085 ratiociniis
553 2014 805 2102 multiplicibus
834 2014 871 2080 in
899 2014 1037 2101 dialogo
1066 2013 1123 2080 De
1156 2013 1404 2100 interpreta-

259 2138 373 2205 tione
400 2139 558 2210 somnii.
583 2139 681 2206 Sicut
704 2145 820 2206 autem
843 2163 878 2206 se
896 2139 1001 2205 habet
1019 2138 1209 2205 diametrus
1228 2138 1272 2204 ad
1290 2143 1403 2205 totum

263 2264 444 2351 circrdum,
458 2265 508 2334 ita
520 2265 607 2332 duae
626 2266 706 2333 illae
725 2271 840 2332 rectae
856 2265 899 2331 ad
918 2286 992 2331 eam
1011 2262 1309 2330 circumferentiae
1327 2287 1405 2352 par·

197 2393 239 2459 15
262 2396 333 2457 tem
353 2412 456 2477 quam
476 2390 781 2479 comprehendunt.
801 2391 987 2469 Quantitas
1011 2411 1092 2475 ergo
1116 2389 1226 2474 sinae,
1247 2410 1346 2454 arcus
1369 2396 1404 2455 et

263 2514 424 2584 diametri
459 2517 603 2586 eandem
635 2517 950 2583 denominationem
986 2515 1197 2604 suscipiunt3
1233 2514 1404 2582 certitudo

263 2642 391 2730 quippe
410 2649 445 2710 et
463 2643 619 2714 definitio
636 2642 738 2708 unius
755 2642 896 2710 omnino
909 2642 1027 2708 eadem
1039 2649 1091 2708 est
1107 2665 1184 2708 cum
1198 2639 1405 2707 certitudine

262 2774 298 2833 et
317 2766 517 2839 definitione
533 2769 689 2834 aliorum.
713 2768 809 2834 Idem
834 2768 875 2833 de
899 2766 1075 2854 triangulo
1091 2767 1200 2833 mixto
1216 2788 1258 2831 ex
1271 2764 1405 2832 duobus

263 2893 411 2960 arcubus
445 2902 480 2963 et
515 2893 676 2959 diametri
708 2893 882 2981 portione,
916 2894 1048 2960 duabus
1079 2891 1215 2960 chordis
1246 2899 1280 2958 et
1308 2912 1403 2976 arcu,

197 3020 241 3084 20
263 3018 376 3084 tribus
394 3019 541 3086 arcubus
565 3024 613 3103 et,
631 3018 661 3083 si
685 3019 811 3107 placet,
831 3019 944 3086 tribus
964 3018 1066 3085 rectis
1090 3018 1142 3085 illi
1166 3016 1325 3104 inscripti
1349 3014 1405 3080 vel

265 3145 370 3210 etiam
381 3143 643 3232 circumscripti,
654 3143 776 3211 habita
791 3147 900 3211 solum
912 3146 1046 3212 ratione
1056 3145 1160 3210 unius
1172 3143 1292 3231 anguli
1303 3163 1404 3228 quem

265 3269 303 3335 in
334 3276 452 3336 centro
480 3292 561 3356 pars
591 3268 807 3356 peripheriae
835 3271 1022 3336 subtendit.
1055 3270 1179 3355 Itaque
1211 3268 1406 3354 triangulus

265 3394 497 3480 aequilaterus
516 3393 681 3459 definitur
704 3401 800 3459 sexta
824 3394 944 3461 circuli
963 3401 1075 3483 parte,
1095 3402 1135 3460 ut
1157 3394 1195 3459 in
1216 3394 1269 3479 ᾗ,
1294 3391 1407 3458 ortho-

265 3519 392 3606 gonius
403 3525 540 3603 quarta,
556 3519 666 3584 maior
683 3526 718 3584 et
735 3519 846 3585 minor
862 3519 1073 3605 triangulus,
1087 3526 1122 3585 et
1134 3518 1281 3604 angulus
1297 3516 1407 3582 maior

201 3641 243 3706 25
267 3644 448 3730 minorque
471 3650 584 3728 recte,
610 3644 713 3709 certis
737 3644 915 3710 ordinibus
939 3645 1030 3710 ultra
1054 3652 1089 3710 et
1118 3643 1210 3710 infra
1240 3642 1408 3728 quadran·

267 3777 337 3837 tem
373 3768 429 3835 vel
454 3777 656 3835 sextantem.
685 3770 814 3836 Eodem
843 3792 977 3855 quoque
1001 3769 1121 3835 ordine
1151 3768 1342 3857 explicetur
1374 3777 1408 3834 et

268 3895 467 3964 nominetur
485 3894 682 3982 triangulus
706 3894 916 3982 sphaericus,
936 3895 1107 3980 inversus,
1127 3917 1304 3980 recurvus,
1324 3894 1408 3961 item

269 4019 468 4088 rectilineus
499 4029 533 4085 et
557 4021 627 4087 suis
658 4020 769 4087 modis
793 4021 951 4087 omnibus
975 4020 1113 4086 mixtus.
1138 4020 1306 4086 Similiter
1331 4023 1409 4108 (pro

270 4145 475 4233 capacitate)
496 4146 701 4230 quadratum
728 4147 783 4211 vel
801 4146 1160 4234 parallelogrammum
1183 4148 1239 4213 vel
1258 4155 1410 4233 rectago-

275 4325 443 4333 --—---—
484 4326 513 4330 --
560 4326 577 4330 ..
689 4323 732 4330 ,-
749 4322 780 4327 --
808 4321 825 4327 —·
843 4323 875 4327 ..-..
889 4323 894 4327 .
929 4323 961 4327 ..,.,
1056 4321 1095 4327 ...-

364 4437 380 4488 o
396 4435 513 4488 archum
527 4451 540 4487 e
553 4434 705 4486 ainrilmcn'c
719 4436 749 4496 9,
767 4437 795 4485 ll
808 4437 854 4485 etc.
917 4434 949 4486 27
966 4433 1133 4502 sphaericus
