3428 5138
724 423 769 467 nn
789 422 953 469 marsuan.
1351 403 1410 465 307

269 577 317 638 les
335 577 462 640 dividua
478 587 540 655 est3
563 581 655 641 etiam
682 581 709 639 si
734 580 890 640 minimum
914 579 991 639 illud
1015 578 1194 639 indistincte
1211 578 1262 639 vel
1281 577 1409 638 confuse

270 696 467 774 concipiatur.
485 696 527 756 Et
546 714 640 777 supra
664 696 779 757 dictum
805 703 854 756 ost
870 696 951 756 undo
980 686 1140 774 proveniat
1160 695 1215 754 illa
1236 693 1275 753 ad
1294 694 1412 773 pariter

270 813 487 893 impariterquo
504 814 670 875 secandum
686 815 825 875 facultas.
842 815 950 875 Stante
967 815 1085 876 veroin
1101 814 1253 874 infinitum
1274 813 1412 875 divisibi-

269 929 372 1007 litato,
389 936 424 989 ut
440 928 542 991 nullae
559 937 631 991 sunt
643 931 774 1010 primae,
793 949 890 1007 neque
903 931 985 992 ullae
1003 930 1131 1007 medias,
1149 949 1248 1006 neque
1268 929 1349 1010 (cum
1366 948 1413 989 ra·

222 1051 245 1113 ὗ
268 1051 352 1111 tione
369 1051 596 1131 mensurabilis)
612 1052 767 1130 proximae
782 1055 913 1129 possunt
925 1068 996 1129 osso
1011 1056 1116 1129 partes
1131 1056 1163 1109 st
1178 1047 1335 1120 definitae,
1355 1045 1411 1107 sed

268 1169 433 1231 secuudum
455 1171 640 1250 positionem
665 1177 697 1231 et
724 1167 884 1229 arbitrium
910 1168 995 1229 iuxta
1011 1167 1148 1230 infinitos
1165 1167 1411 1230 differentiarum

267 1286 383 1364 gradus
399 1289 588 1351 indefinitae.

717 1641 872 1708 CAPV'I'
907 1643 967 1708 VI.

506 1810 655 1852 Dtntributor.
671 1811 755 1852 Datum
769 1813 854 1853 tineam
868 1817 933 1853 certo
947 1813 1037 1853 rationo
1052 1813 1178 1853 multitu-co.

202 2020 245 2083 10
356 2024 448 2090 Dein
466 2025 563 2090 volut
581 2047 650 2090 una
670 2025 736 2090 tibi
755 2031 848 2091 secta
863 2033 930 2108 est,
949 2025 1066 2091 oblata
1084 2027 1232 2093 secanda

266 2137 436 2205 Perfacile
455 2139 492 2204 in
511 2140 657 2207 totidem
675 2141 805 2228 parteis
825 2142 1004 2228 migrabit,
1024 2149 1063 2207 ut
1083 2144 1155 2208 eius

266 2254 438 2321 Punctum
459 2256 626 2322 dissectae
645 2258 797 2323 medium
816 2257 927 2344 primo
948 2258 1106 2346 capiatur

266 2374 333 2438 Pro
353 2380 471 2438 centro
490 2378 750 2458 extremumque
768 2373 902 2460 integre
922 2374 1066 2441 circinet
1084 2399 1208 2460 unum;

266 2488 367 2555 Unde
386 2488 487 2554 datas
506 2489 664 2576 opposito
683 2489 725 2554 de
745 2490 884 2556 cardine
903 2491 1072 2559 terminus
1088 2515 1177 2558 unus
1398 2525 1411 2563 s

200 2607 242 2670 15
266 2604 382 2690 Atque
401 2605 489 2671 alter
507 2605 603 2671 fluxu
621 2612 715 2672 recto
736 2607 954 2692 quantolibet
973 2608 1087 2695 ipsum

265 2721 435 2787 Concidet
454 2721 491 2786 in
509 2744 636 2808 gyrum
654 2722 759 2810 parili
777 2728 905 2806 tractu,
925 2732 964 2790 ut
982 2725 1079 2791 volut
1098 2727 1187 2792 alter

265 2838 446 2926 Concipiet
463 2841 579 2926 plures
596 2848 727 2927 partes,
747 2840 968 2928 reliquusque
987 2852 1143 2930 capessat

264 2955 469 3021 Consimiles
489 2956 715 3042 totidemque;
735 2956 806 3022 suis
825 2957 902 3023 dein
924 2958 1052 3025 finibus
1071 2982 1161 3026 unus

264 3071 410 3137 Finibus
429 3071 571 3137 alterius
590 3079 763 3155 nectatur,
783 3072 813 3138 si
832 3072 929 3160 cupis
948 3056 1021 3140 esse

196 3195 241 3259 20
264 3188 454 3253 Discissum
473 3188 624 3254 medium
642 3187 785 3275 longum
804 3196 904 3276 parte
922 3191 1070 3278 amplius
1089 3213 1159 3257 una

263 3305 413 3390 Aequali
431 3305 583 3389 reliquis.
602 3305 720 3370 Veluti
740 3305 913 3390 Lasciuis,
934 3307 1046 3391 Musa,

264 3421 484 3507 Ornatnsque
502 3428 537 3488 11
555 3422 677 3488 Honor
695 3443 821 3508 gyrum
840 3422 1018 3490 venientia
1037 3424 1075 3490 in
1094 3446 1203 3491 unum

263 3538 460 3605 Ostendunt
477 3561 546 3624 qua
564 3539 601 3604 vi
620 3562 708 3626 quae
726 3540 878 3607 Habitus
897 3540 1074 3606 descendit
1092 3541 1136 3607 ab
1157 3542 1229 3607 alto

262 3655 410 3721 Cardine
429 3655 473 3722 ad
492 3656 690 3743 oppositum
711 3657 828 3723 veniat
846 3657 904 3724 via
923 3658 1029 3724 scissa
1046 3681 1109 3746 per
1127 3659 1206 3726 illas
1383 3689 1407 3726 11

195 3776 239 3841 25
262 3772 414 3860 Aequas,
434 3795 452 3838 1
472 3773 597 3859 quibus
616 3772 681 3838 hac
700 3773 834 3839 Ornatu
853 3773 985 3841 Musica
1004 3774 1124 3841 vincta
1143 3784 1209 3861 est,

261 3890 395 3974 Perque
415 3888 510 3953 illam
529 3888 648 3954 iuncta
667 3896 719 3954 est
738 3890 871 3956 tumido
890 3890 1051 3957 Lascivis
1071 3891 1214 3957 Honori.

263 4004 335 4069 Ista
356 4003 515 4090 Solymus
535 4004 640 4072 habet
659 4012 851 4071 monstraro
869 4006 965 4072 Horo
984 4012 1088 4092 atque
1107 4005 1254 4088 Pericle;

263 4118 301 4183 Si
320 4119 417 4185 lubet
435 4119 584 4187 admissa
604 4121 795 4188 constantis
815 4144 898 4190 voce
916 4121 1065 4187 Berasti.

356 4358 527 4409 1111111111
589 4358 618 4408 17
635 4367 774 4426 capessat.
840 4361 1064 4428 rotundumque
1082 4360 1143 4412 suis
1205 4359 1400 4424 atfiaoitm

262 4438 432 4491 2iSolimus
