3428 5138
490 776 772 881 rounam
821 779 1032 881 savus
1078 705 1329 884 uorum

667 1054 732 1118 DE
756 1054 984 1120 MENSVRA
1008 1056 1162 1122 LIBER.

803 1898 956 1965 CAPVT
991 1899 1018 1963 Ι.

443 2094 551 2135 Veritatis
565 2094 708 2145 archetypus.
725 2093 819 2134 Liuesm
834 2093 990 2133 brevissimam
1005 2092 1146 2142 eandemque
1161 2095 1245 2132 restam
1261 2093 1375 2142 experiar.

292 2309 313 2371 ὃ
426 2312 564 2390 Quanta
584 2318 635 2376 est
653 2311 728 2377 veri
747 2316 781 2375 et
800 2312 820 2374 ὃ
840 2308 925 2374 recti
945 2311 1075 2393 quanta
1095 2311 1266 2394 potestas,

337 2429 386 2495 Ut
404 2427 553 2492 nihilum
573 2432 693 2512 surgat
712 2425 827 2507 citius,
848 2424 938 2489 nihil
956 2423 1136 2489 exoriatur

338 2544 454 2629 Ocius,
475 2552 515 2608 ut
533 2549 649 2608 nectat
668 2542 808 2629 proprio
827 2539 1016 2629 primordia
1036 2539 1114 2622 fini,

337 2661 395 2726 Sic
414 2660 551 2726 brevior
569 2665 668 2726 tanto
688 2667 739 2725 est
757 2659 895 2746 gemina
914 2659 1006 2723 inter
1024 2662 1154 2744 puncta
1172 2656 1295 2740 litura,

337 2776 412 2853 Qua
431 2776 572 2863 propior
590 2782 703 2841 rectae
722 2776 862 2842 accedit.
882 2775 993 2840 Deino
1012 2775 1212 2839 innumerae
1232 2779 1328 2856 silut,

272 2897 314 2960 10
336 2893 468 2978 Nempe
487 2891 624 2958 infinito
643 2891 790 2957 veniunt
808 2891 1007 2957 discrimine
1028 2913 1166 2972 curvae,

336 3005 393 3070 Ad
411 3007 515 3071 finem
534 3015 663 3094 puncto
683 3031 771 3092 quae
789 3007 1060 3095 progrediuntur
1080 3007 1124 3072 ab
1144 3028 1222 3070 une.

336 3121 408 3185 Nee
427 3144 590 3187 numerus
608 3121 700 3209 potis
720 3129 771 3188 est
790 3124 880 3189 ullus
900 3123 1098 3189 concredier
1117 3121 1201 3187 iisoe

337 3238 554 3324 Propositam
574 3239 618 3305 ed
637 3246 777 3324 metam,
799 3263 885 3325 (puae
904 3239 1149 3307 contendentis
1167 3238 1297 3303 frustra

336 3354 427 3419 Avia
447 3354 484 3418 in
504 3355 664 3421 adversas
683 3357 863 3445 adpellunt
883 3357 1031 3443 denique
1049 3357 1189 3444 parteis.

273 3471 314 3532 li>
337 3472 506 3558 Experior
524 3481 654 3539 rectam
673 3474 703 3539 si
721 3482 851 3562 puncto
869 3482 944 3541 tota
964 3475 1027 3540 sub
1043 3498 1130 3559 un0‚

337 3588 468 3676 Nempe
487 3590 551 3655 sub
571 3599 723 3658 extremo
742 3590 863 3677 lateat,
884 3613 1152 3679 comprensaque
1172 3591 1265 3656 binis

337 3704 401 3769 Est
419 3704 575 3791 brevior;
595 3707 644 3772 sio
663 3715 698 3772 et
716 3731 836 3773 verum
855 3714 1081 3792 sanctumque
1099 3707 1296 3793 bonumque

338 3821 500 3889 Partibus
519 3847 537 3888 o
556 3824 689 3889 eunetis
708 3832 835 3889 metam
855 3823 1030 3910 conspirat
1049 3823 1088 3887 in
1106 3845 1212 3888 unam

338 3939 523 4026 Perpetuo,
544 3964 731 4027 sensusque
750 3948 801 4007 est
820 3941 914 4007 illius
933 3940 1035 4006 unius
1054 3963 1157 4025 unus,

270 4061 315 4123 20
337 4057 490 4122 Tramite
510 4058 641 4143 subque
661 4058 756 4144 scopi
775 4065 947 4123 extremae
967 4057 1129 4124 oollineet
1147 4078 1232 4140 uno;

336 4173 385 4237 At
404 4173 482 4238 falsi
502 4174 704 4240 innumerae
722 4174 869 4240 veniunt
888 4174 1017 4241 formae
1037 4181 1141 4260 atque
1159 4174 1305 4260 figurae,

337 4289 482 4356 Tractus
501 4298 541 4357 ut
559 4292 720 4377 obliquus
739 4315 921 4358 numerum
940 4292 1014 4358 sine
1032 4292 1101 4358 fine
1120 4294 1277 4381 capessit.

339 4407 376 4472 Si
395 4407 538 4472 minimo
557 4431 758 4495 comprensa
775 4411 866 4476 sient
886 4409 1055 4495 quaedam
1074 4409 1195 4475 ordine
1215 4409 1251 4474 in
1270 4430 1355 4494 une,
