3428 5138
533 422 688 468 eurmvnr
710 423 879 469 rnvnusvs
899 424 1167 471 urrunusrmos.
1382 414 1419 475 17

274 597 423 687 primam
453 605 604 664 mentem
631 598 743 687 ipsam
781 598 957 685 intelligas
991 607 1096 686 etque
1138 600 1232 666 dices
1265 609 1416 688 oportet3

275 724 387 792 omnis
415 725 507 791 enim
541 747 701 792 mensura
730 748 750 792 a
781 732 896 792 mente
922 726 1047 814 recipit
1087 726 1415 796 denominationem.

274 852 431 920 Secundo
461 852 587 938 ideam,
612 852 761 940 primam
800 851 961 920 videlicet
995 853 1195 940 primaeque
1224 855 1334 922 menti
1364 879 1417 923 ae-

273 1004 442 1069 quaeuam
468 979 629 1065 formam',
659 979 867 1048 foecundum
893 981 1047 1048 universi
1070 987 1174 1068 atque
1198 982 1416 1084 singularum

228 1101 250 1165 5
272 1110 463 1201 specierum
485 1107 721 1195 archetypum.
748 1106 865 1175 Tertio
886 1108 1081 1174 naturalem
1104 1109 1260 1177 ordinem
1284 1110 1411 1198 ipsum,

271 1244 306 1304 et
329 1258 418 1320 eam,
443 1257 512 1321 que
533 1232 803 1320 unumquodque
827 1239 878 1299 est
901 1256 944 1299 ex
962 1234 1038 1300 idea
1057 1235 1303 1322 constitutum,
1327 1237 1415 1303 divi-

271 1387 336 1432 nae
353 1363 512 1430 iusticiae
531 1368 565 1428 et
584 1360 841 1429 distributionis
860 1360 1040 1428 rationem.
1058 1361 1190 1441 Quarto
1211 1386 1305 1446 eam,
1326 1385 1414 1449 quae

270 1489 472 1558 definitione
490 1490 541 1555 rei
564 1487 751 1571 indicetur,
776 1487 968 1554 essentiam.
994 1487 1125 1567 Quinto
1150 1488 1353 1573 efficaciam,
1378 1497 1413 1557 et

270 1620 385 1708 ipsum
404 1617 511 1703 (quod
527 1617 578 1682 rei
595 1606 781 1682 essentiam
805 1616 1038 1702 consequitur)
1062 1624 1285 1685 momentum.
1307 1619 1412 1688 Sexto

205 1742 250 1807 10
271 1748 557 1828 mensuretorem‚
584 1764 644 1808 seu
673 1741 935 1808 subordinatum
957 1749 1122 1826 mentem;
1146 1743 1238 1810 unde
1269 1767 1339 1811 non
1362 1753 1411 1811 te·

269 1893 362 1938 mere
384 1892 580 1937 mensuram
603 1890 719 1935 rerum
746 1867 937 1956 appellavit
962 1867 1166 1957 hofminem
1189 1871 1410 1958 Protagoras.
1435 1884 1528 1949 bar

270 1997 424 2086 Septimo
443 1996 593 2063 hominis
616 1996 802 2079 rationem,
827 2018 885 2061 seu
908 1997 1131 2063 mensurandi
1154 1999 1348 2084 potentiam
1371 2000 1409 2066 in

269 2123 345 2210 ipsa
374 2121 510 2188 ratione
531 2121 785 2188 consistentem.
811 2119 941 2188 Octavo
970 2121 1130 2187 habitum
1159 2122 1286 2209 ipsum;
1317 2124 1410 2191 unde

268 2248 450 2315 Aristoteli
478 2269 637 2314 mensura
664 2269 780 2314 rerum
809 2268 928 2313 sensus
956 2246 1085 2313 dicitur
1118 2254 1223 2336 atque
1252 2251 1408 2318 scientie.

203 2365 245 2431 15
267 2373 368 2440 Nono
392 2372 481 2440 actio
514 2371 711 2438 huiusmodi
736 2393 823 2456 quae
846 2371 1032 2437 secundum
1056 2395 1194 2439 sensum
1225 2381 1277 2440 est
1304 2382 1409 2462 etque

266 2499 450 2585 rationem,
468 2521 592 2586 nempe
611 2497 909 2565 mensurationem.
934 2500 1077 2566 Decimo
1100 2501 1250 2568 hominis
1274 2510 1408 2590 partes,

265 2634 387 2716 utpote
418 2626 581 2714 digitum,
601 2627 763 2715 palmam,
784 2625 919 2714 pedem,
939 2627 1058 2695 ulnam
1082 2633 1118 2694 et
1140 2628 1176 2694 id
1199 2651 1308 2716 genus
1328 2631 1407 2698 alia.

265 2753 456 2822 Undecimo
474 2752 621 2820 artificio
640 2753 835 2840 excogitate
854 2776 985 2841 organa
1011 2755 1092 2839 duo,
1112 2778 1269 2823 normam
1287 2756 1408 2824 videli-

265 2889 319 2947 cet
341 2889 446 2967 atque
468 2879 648 2964 circulum,
668 2880 794 2965 quibus
817 2880 1000 2948 subiicitur
1023 2883 1145 2970 puncti
1165 2883 1278 2950 fluxus
1301 2891 1406 2971 atque

197 3004 243 3070 20
264 3006 516 3074 circumfluxus.
546 3005 757 3073 Duodecimn
780 3007 946 3093 cuiusque
968 3008 1019 3075 rei
1042 3009 1225 3077 minimum
1249 3034 1308 3078 seu
1338 3013 1406 3079 ele·

264 3138 432 3216 mentum,
460 3139 500 3198 nt
527 3132 711 3217 unitatem,
745 3140 926 3220 punctum,
957 3141 1121 3202 atomum.
1156 3137 1405 3205 Decimotertio

264 3264 455 3351 quamlibet
472 3263 641 3330 minorem
659 3270 793 3352 partem
813 3285 879 3349 qua
897 3263 1053 3351 proxime
1071 3265 1128 3331 vel
1146 3271 1276 3331 remote
1294 3265 1405 3332 maior

263 3398 490 3458 mensuratur.
510 3391 775 3471 Quartodecimo
795 3413 1034 3477 quemcunque
1057 3392 1307 3458 mensurationi
1326 3395 1404 3461 sub·

263 3519 387 3585 iectum
410 3518 461 3585 rei
483 3517 772 3605 magnitudinem
792 3517 883 3583 unde
907 3517 976 3583 alia
998 3540 1159 3583 mensure
1177 3518 1328 3586 hominis
1354 3521 1405 3586 di·

193 3645 239 3710 25
262 3647 365 3730 citur,
385 3644 455 3712 alia
471 3644 564 3731 equi,
584 3645 674 3710 sicut
691 3651 726 3710 et
745 3643 823 3709 aliis
838 3644 991 3710 numeris
1014 3643 1083 3728 hic,
1108 3645 1186 3711 eliis
1210 3646 1269 3711 ille
1293 3649 1404 3715 oonsi-

261 3775 333 3840 stit.
373 3773 637 3854 Quintodecimo
665 3779 824 3838 exactum
855 3778 959 3857 etque
986 3771 1172 3858 probatum
1208 3781 1404 3859 geometrae

261 3921 347 3988 opus
364 3899 420 3964 vel
438 3897 716 3965 enunciationem
735 3897 926 3984 apodictice
945 3898 1192 3963 confirmatam.

354 4194 558 4246 dfoecuudam
627 4195 817 4247 ticinensium
886 4198 916 4247 11
932 4197 1128 4264 Prothegores
1195 4201 1404 4253 machinatam

393 4481 470 4524 Buum
485 4484 539 4534 opp.
553 4484 592 4524 tat.
605 4486 628 4536 1,
638 4485 659 4524 ³.
