3428 5138
599 448 645 492 nn
667 445 869 491 mvnnrruan
891 445 1012 491 ninum
1320 426 1378 486 247

235 607 418 684 Quaelibet
438 605 602 687 infinitae,
625 603 711 669 illud
730 625 865 689 quoque
885 607 999 667 mente
1019 600 1167 685 tenebit,

235 725 284 789 Ut
303 723 486 788 minimum
506 721 650 786 minimo
669 742 740 785 non
759 717 869 805 possit
888 716 1001 782 (licere
1022 716 1149 797 muius;
1354 712 1537 790 ap.108

235 838 281 901 Et
300 837 482 903 minimum
502 861 521 902 a
541 836 686 902 minimo
706 841 758 900 est
778 833 880 900 certis
899 832 1032 899 finibilo
1051 831 1200 919 punctis

315 1070 362 1127 Ex
379 1067 486 1128 eodem
505 1067 606 1145 capite
622 1065 698 1128 licet
712 1066 877 1146 inspicere,
894 1085 932 1125 an
948 1072 1085 1126 centrum
1101 1063 1233 1124 omniurn
1247 1065 1378 1143 partium

191 1187 212 1250 ι’)
235 1205 313 1261 quae
333 1184 365 1243 in
385 1182 633 1244 circumferentia
655 1183 816 1261 capiuntur
835 1203 927 1242 unum
948 1181 1091 1257 idemque
1111 1180 1212 1259 possit
1232 1199 1300 1242 essu
1323 1188 1381 1241 ter-

236 1303 344 1362 minus.
362 1302 422 1361 Hic
440 1308 563 1379 oportet
579 1301 610 1360 in
639 1301 816 1362 memoriam
839 1320 986 1361 rovocare
1013 1307 1045 1359 et
1071 1300 1276 1377 intellexisse,
1304 1320 1381 1376 qnae

236 1440 330 1498 supra
347 1419 428 1479 circe
446 1418 653 1481 definitionem
671 1427 703 1480 et
720 1418 950 1480 distinctionem
969 1427 1033 1478 tum
1048 1419 1163 1479 minimi
1178 1427 1241 1478 tum
1260 1418 1382 1479 termini

237 1538 407 1616 plusquam
420 1536 496 1597 satis
511 1557 570 1596 non
586 1537 783 1597 obtusissimo
801 1536 924 1613 ingenio
943 1556 1013 1598 esse
1030 1537 1138 1616 possit.
1156 1535 1288 1615 Oportet
1302 1536 1381 1596 enim

237 1654 328 1713 aliter
344 1653 527 1714 sentientem
545 1673 634 1713 unam
656 1659 792 1713 statuere
815 1661 951 1732 partem,
969 1673 1047 1731 quae
1073 1673 1091 1712 c
1117 1652 1256 1731 pluribus
1283 1654 1384 1730 possit

173 1778 215 1839 10
237 1771 416 1848 aequalibus
433 1769 557 1847 attingi,
573 1790 662 1846 quam
681 1769 788 1831 eadem
804 1771 904 1831 latera
920 1750 1027 1849 posset
1043 1771 1156 1830 habere
1174 1770 1225 1831 vel
1242 1771 1382 1846 angulos,

239 1888 391 1949 Ostendat
417 1888 571 1947 minimum
604 1887 685 1962 qnod
718 1896 766 1948 est
792 1887 939 1948 terminus
966 1886 1071 1967 plures
1099 1907 1192 1966 posse
1219 1887 1383 1947 terminare

238 2015 351 2083 parter,
370 2024 459 2081 quam
478 2002 634 2062 minimum
652 2001 735 2080 quod
752 2011 893 2084 estpars
907 2002 1062 2064 Ostendat
1078 2003 1233 2062 minimum
1251 2002 1385 2062 minimo-

237 2141 313 2197 rum,
330 2120 415 2180 cuius
432 2128 525 2198 typus
541 2127 590 2178 est
607 2117 737 2179 circulus
753 2119 783 2178 in
801 2140 890 2196 quern
908 2140 996 2180 omne
1011 2119 1179 2180 resolvitur
1196 2119 1384 2197 angulatum,

238 2259 256 2296 a
273 2236 413 2316 pluribus
430 2236 665 2312 circumquaque
682 2235 783 2315 possit
801 2236 912 2314 attingi
930 2256 1021 2315 quam
1042 2256 1111 2314 sex,
1134 2244 1166 2297 et
1186 2242 1258 2296 tunc
1280 2256 1387 2296 conce·

175 2355 215 2418 15
239 2352 346 2412 demus
362 2352 492 2413 eundem
510 2352 560 2412 vel
577 2351 731 2412 minimam
750 2359 869 2430 partem
892 2352 942 2415 vel
970 2353 1086 2413 nullam
1113 2359 1233 2432 partem
1256 2372 1385 2412 commu·

238 2487 307 2528 nem
325 2487 395 2528 esse
412 2487 503 2546 posse
520 2466 683 2527 terminum
701 2467 832 2527 omnium
851 2488 929 2545 qnae
951 2491 969 2530 a
996 2468 1171 2548 peripheria
1197 2468 1385 2531 descendero

239 2592 368 2664 possunt
384 2583 493 2660 lineae,
520 2604 579 2643 non
608 2591 710 2644 autem
728 2603 783 2644 sex
803 2586 1013 2646 tantummodo
1040 2585 1195 2647 radiorum
1222 2587 1385 2646 terminum

240 2706 272 2761 et
289 2700 380 2761 trirun
397 2719 585 2762 communem
603 2708 722 2778 partem
740 2701 967 2764 diametrorum.
985 2702 1073 2763 Haec
1096 2702 1196 2764 omnia
1216 2709 1287 2763 sunt
1309 2703 1385 2765 citra

241 2837 360 2878 omnem
388 2815 642 2895 controversiam,
670 2818 697 2877 si
731 2825 815 2879 recte
848 2838 926 2895 qnae
954 2819 985 2878 in
1017 2818 1115 2898 primo
1147 2819 1225 2880 libro
1254 2819 1385 2882 diximus

172 2935 217 2998 ‘20
240 2932 354 2993 luerint
371 2940 543 3012 perspecta.
564 2932 638 2992 Mox
659 2933 725 2994 sive
754 2934 909 2994 minimum
935 2936 1001 2996 sive
1028 2935 1189 2996 terminum
1217 2956 1313 3014 pones
1341 2946 1385 2998 at·

239 3058 367 3127 tactum,
390 3049 495 3128 procul
522 3048 615 3109 dubio
635 3048 718 3110 idem
744 3070 821 3129 opus
847 3058 896 3112 est
915 3061 950 3111 nt
970 3051 1072 3129 aliquo
1094 3053 1142 3113 sui
1163 3053 1205 3113 sit
1225 3053 1379 3133 adtactus,

238 3167 415 3228 amicalem
434 3168 500 3229 sive
518 3177 637 3247 partem
657 3168 724 3228 sive
742 3168 874 3248 partium
892 3170 1055 3230 terminum
1077 3169 1175 3248 dieas,
1191 3190 1320 3233 neccsse
1334 3182 1382 3233 est

239 3295 273 3344 ut
290 3304 306 3344 e
324 3283 455 3345 diversis
473 3293 505 3344 et
522 3283 673 3363 oppositis
691 3284 868 3361 regionibus
890 3285 1068 3362 attingatur.
1090 3285 1166 3346 Tale
1191 3307 1252 3346 non
1279 3297 1383 3366 potest

240 3421 308 3461 esse
325 3400 514 3460 individuum
532 3410 563 3461 ct
580 3399 739 3477 terminus,
759 3401 814 3460 scd
831 3422 893 3461 non
916 3402 1083 3463 secundum
1111 3403 1251 3465 diversos
1279 3413 1312 3465 et
1329 3427 1381 3485 op·

172 3533 214 3594 27,
238 3519 355 3597 positos
374 3519 532 3596 terminos,
552 3519 651 3580 minus
668 3538 758 3594 quam
776 3526 843 3579 tota
861 3519 965 3580 circuli
983 3540 1056 3581 area
1076 3541 1112 3581 ac
1138 3529 1204 3581 tota
1231 3522 1382 3601 sphaerae

239 3637 386 3697 dimensio
406 3634 571 3696 dividuum.

319 3757 334 3801 ‘.
357 3756 404 3811 30.
423 3753 520 3810 Porro
538 3752 581 3812 rei
598 3752 761 3813 veritatem
775 3752 885 3813 melius
899 3752 1106 3813 consideranti
1123 3754 1319 3816 manifestum
1334 3765 1382 3816 cst

239 3867 491 3945 ‹pieniadruorlum
514 3876 598 3927 certa
620 3869 749 3944 quanm
775 3870 870 3946 serie,
889 3868 995 3928 ordine
1018 3877 1050 3929 et
1077 3869 1219 3947 analogia
1246 3879 1382 3932 centrum

240 4005 294 4043 scu
312 3983 443 4043 modium
461 4004 582 4063 sempor
600 3982 696 4043 maius
714 3993 806 4062 atque
823 3984 920 4045 maius
937 3984 981 4045 ita
998 3985 1209 4064 accipiendum
1227 3999 1378 4064 occurrat,

173 4115 217 4174 :30
240 4111 272 4159 ut
291 4104 383 4160 etiarm
400 4101 494 4160 maior
510 4110 600 4177 utque
619 4101 713 4160 maior
730 4099 899 4161 arlsnmitur
918 4101 1176 4180 circumferentia,
1195 4103 1384 4181 adaequent

241 4216 321 4291 ‹piod
340 4218 431 4276 etiam
449 4237 504 4295 per
521 4237 554 4277 sc
572 4215 705 4295 sphaera
722 4217 871 4294 quaedam
888 4227 936 4278 est
953 4238 991 4278 ex
1008 4217 1113 4279 multis
1130 4219 1269 4296 partibus
1287 4220 1382 4281 coale-

241 4382 297 4388 .-—
317 4382 324 4386 .
348 4382 353 4386 .
368 4381 391 4387 ---
423 4382 514 4387 -——
532 4381 544 4387 -
564 4381 627 4387 .---
648 4380 719 4387 —.—
991 4382 1373 4392 -——--—-—-—.-

337 4474 365 4523 ll
385 4472 452 4522 nuru
470 4471 555 4521 colrrto
569 4485 652 4538 posse
