3428 5138
478 422 636 469 naricum
656 422 829 469 anvnsnvs
849 423 1117 470 unrnsuimoos.
1331 412 1370 472 33

220 598 416 686 quaerendo
433 605 539 687 quota
561 621 643 688 pars
667 604 719 665 est
741 598 845 684 haeo,
871 599 969 666 euius
992 604 1107 665 totum
1135 606 1189 666 est
1217 605 1272 667 tot
1293 622 1372 687 par·

220 730 323 817 tium,
343 753 376 796 v.
394 752 427 817 g.
448 734 643 796 trecentum
662 728 863 815 sexaginta?
883 735 918 794 et
941 728 1025 795 haee
1049 729 1205 815 quaestio
1230 736 1283 796 est
1305 753 1369 818 pro

221 856 454 924 mensurantis
483 854 630 923 arbitrio
660 862 696 922 et
725 855 933 938 intentione;
965 856 1047 943 quia
1079 879 1150 923 non
1168 857 1259 924 ratio
1278 880 1368 944 rem,

202 958 277 1050 ⁸sed
306 1005 360 1049 res
390 983 561 1050 rationem
589 983 839 1072 persequitur),
870 984 983 1073 prima
1018 985 1244 1051 mensurandi
1275 986 1367 1053 ratio

174 1113 196 1177 ὅ
219 1108 313 1197 apud
331 1116 467 1177 nostros
482 1109 579 1176 nulla
596 1116 661 1195 est,
674 1116 796 1198 utpote
812 1134 925 1196 neque
939 1111 1060 1178 habita
1078 1135 1190 1199 neque
1215 1120 1367 1199 tentata,

218 1241 378 1325 sessounde
396 1262 468 1308 non
484 1240 624 1327 quidem
642 1240 777 1327 habite,
797 1240 857 1307 sed
875 1240 1006 1308 frustra
1025 1240 1182 1326 quotidie
1198 1246 1366 1307 tentatur.
1391 1257 1416 1308 ο
1433 1248 1487 1308 4v

597 1578 881 1656 MEMBRVM
921 1580 992 1658 VI.

691 1761 745 1818 na
770 1761 899 1818 mnan.

652 2021 847 2089 Aamcvtvs
869 2022 922 2087 61.

151 2249 194 2314 10
304 2233 464 2318 Lineam,
478 2206 567 2320 qdee
582 2229 773 2298 seeundum
787 2230 1044 2318 longitudinem
1065 2238 1206 2301 tantum
1228 2242 1363 2322 partem

213 2359 320 2425 habet
342 2363 378 2424 et
400 2357 498 2424 nulla
516 2364 570 2423 est
587 2380 685 2445 pare,
706 2357 894 2424 terminum
917 2359 1068 2446 appelle,
1090 2382 1196 2446 quem
1220 2360 1363 2428 definire

214 2489 357 2550 nonest
379 2482 561 2549 minimam
583 2482 728 2549 definire
755 2482 992 2568 latitudinem,
1016 2484 1144 2551 lineam
1167 2508 1249 2553 vero
1274 2509 1363 2572 quae

214 2611 360 2679 minima
392 2633 475 2699 pars
511 2615 577 2696 est,
612 2610 717 2677 aliam
754 2610 894 2696 quidem
926 2613 1039 2699 plani,
1076 2613 1174 2680 cuius
1211 2613 1361 2680 latitudo

213 2745 385 2828 punctum
403 2759 474 2804 non
493 2737 642 2824 excedit,
662 2738 863 2826 expunctis
881 2738 919 2805 in
941 2739 1086 2827 longum
1110 2740 1288 2829 dispositis
1312 2743 1362 2826 (in

148 2873 190 2938 15
214 2888 362 2953 quorum
395 2862 723 2952 multiplicationem
756 2863 891 2948 defluit)
926 2865 1085 2954 intelligo
1119 2871 1360 2960 compositam,

213 2996 317 3062 aliam
337 3015 493 3081 quoque,
513 3016 636 3081 nempe
655 2992 773 3079 solidi,
805 3016 893 3080 quae
922 3016 965 3060 ex
994 2996 1118 3062 atomis
1148 2997 1187 3062 in
1216 3000 1360 3087 longum

213 3120 390 3209 dispositis
408 3126 461 3186 est
480 3119 684 3204 constituta,
702 3125 825 3207 utpote
841 3142 966 3208 corpus
984 3121 1056 3186 sola
1072 3122 1293 3210 longitudine
1311 3127 1362 3193 di-

212 3248 370 3335 viduum,
387 3248 485 3314 cuius
500 3246 650 3313 latitudo
670 3251 826 3314 atomum
840 3268 911 3314 non
925 3247 1068 3314 excedit.
1092 3250 1144 3315 62.
1162 3250 1226 3316 Est
1242 3259 1358 3318 autem

214 3383 350 3442 atomus
372 3375 518 3441 minime
546 3396 626 3463 pars
654 3396 714 3439 seu
736 3374 864 3461 prima,
889 3398 949 3441 seu
974 3376 1157 3443 minimum
1176 3400 1301 3467 corpus
1325 3387 1360 3445 ot

145 3506 191 3572 20
211 3501 325 3589 prima
347 3500 492 3567 materia
511 3499 610 3567 ouius
634 3499 731 3565 nulla
759 3499 904 3587 ponitur
930 3523 1020 3589 pars.
1049 3503 1102 3567 63.
1121 3502 1266 3569 Lineam
1296 3527 1358 3572 suo

212 3628 312 3696 modo
328 3627 525 3695 definivisse
540 3628 700 3715 vulgares
720 3635 926 3716 geometraS,
950 3637 1090 3696 nonest
1108 3654 1185 3697 eam
1204 3640 1357 3717 quaeest

214 3788 372 3832 mensura
402 3764 613 3849 definivisse;
636 3787 747 3851 neque
770 3765 855 3831 item
875 3764 880 3854 Ι
900 3765 1028 3832 lineam
1057 3789 1144 3853 quae
1166 3766 1280 3834 fluxus
1304 3775 1356 3835 est
1380 3779 1405 3830 ο
1424 3768 1475 3829 5¹

214 3893 335 3982 puncti
362 3894 550 3960 terminum
574 3892 746 3980 intelligo,
772 3892 831 3959 sed
854 3893 945 3959 eirca
969 3917 1072 3981 quam
1096 3901 1149 3960 est
1171 3895 1356 3984 terminus,

215 4021 376 4090 differens
396 4024 440 4090 ab
459 4044 517 4107 eo,
538 4020 629 4110 quod
652 4020 712 4087 illo
736 4020 874 4108 quidem
897 4022 1009 4107 nulla,
1033 4021 1117 4088 haee
1140 4046 1222 4090 vero
1244 4026 1358 4113 prima

151 4151 193 4215 25
215 4156 267 4215 est
284 4171 379 4237 pars,
398 4149 611 4216 conveniunt
630 4155 746 4216 autem
766 4147 803 4213 in
821 4170 861 4214 eo
881 4148 973 4236 quod
995 4154 1070 4214 tum
1093 4149 1196 4217 huius
1219 4158 1294 4217 tum
1319 4154 1359 4219 il-

311 4383 342 4434 10
356 4381 579 4449 longitndiinem
644 4385 675 4436 17
691 4382 815 4448 diopetis

347 4499 422 4542 sssum
437 4500 490 4552 opp.
504 4502 544 4541 lat.
557 4501 580 4551 1,
590 4501 611 4542 ³.
