3428 5138
700 463 745 507 Da
765 463 931 509 MENSVBA.

690 917 843 984 GAPV'P
875 919 940 984 XI.

739 1185 891 1231 APERTIO.

581 1333 582 1336 ’
648 1330 733 1382 Augen
749 1333 899 1382 quantitatem
913 1332 996 1373 indico.

334 1583 509 1669 AnguluS,
530 1587 569 1647 ut
589 1580 674 1664 dixi,
695 1572 853 1666 quamvis
872 1603 943 1647 non
963 1582 1213 1665 multisecetur,

200 1693 220 1756 5
245 1701 325 1765 Non
342 1706 459 1766 tamen
479 1697 603 1763 iccirco
623 1697 809 1782 quicquam
828 1695 1012 1784 prohibere
1031 1720 1169 1764 neccsse
1188 1706 1252 1781 est,

242 1816 318 1894 Quo
338 1814 453 1881 minus
472 1814 604 1899 inquiri
622 1813 734 1901 possit
754 1821 905 1899 quantus
925 1814 986 1895 sit;
1007 1821 1041 1878 ct
1060 1814 1155 1881 istud

241 1931 381 2019 Optime
400 1931 437 1996 in
456 1930 604 1996 obducto
624 1929 754 2018 poterit
773 1930 1010 2017 comprendier
1030 1953 1111 1996 arcu

240 2048 451 2135 Comprenso
471 2046 620 2132 geminis
640 2046 768 2130 corvio,
790 2047 1042 2133 complentibus
1062 2046 1175 2134 ipsum
1373 2075 1385 2113 1

241 2164 328 2230 Cum
347 2163 480 2248 reliquo
499 2161 564 2228 11οο
582 2163 793 2248 triquetrum
812 2171 1028 2229 constantem
1047 2164 1206 2229 cruribus
1225 2164 1356 2249 aequis,

179 2274 222 2338 10
244 2279 407 2365 Undique
425 2287 465 2345 ut
484 2286 518 2345 et
537 2278 673 2344 minimi
692 2279 850 2345 doctrina
870 2280 929 2345 fiet
948 2287 1117 2366 apertum.

240 2394 330 2460 Nam
349 2395 464 2461 varias
482 2402 597 2482 partes
616 2395 734 2461 varius
754 2395 851 2460 dabit
870 2397 1018 2482 angirlus
1037 2396 1123 2480 11110,

242 2510 528 2597 Quandoquidem
547 2533 567 2575 a
586 2517 680 2576 recto
696 2510 844 2595 geminis
863 2511 892 2576 si
912 2512 1069 2578 cruribus
1088 2513 1204 2578 orbem

239 2626 412 2712 Attigerit
432 2627 535 2714 cycli,
555 2650 573 2691 e
593 2626 705 2693 media
718 2628 865 2714 regione
884 2628 1041 2716 profecto

243 2743 476 2821 Quadrantem
496 2743 590 2810 illius
609 2744 846 2832 comprendet,
868 2768 969 2831 quem
987 2746 1172 2832 radiusque

175 2860 217 2925 15
240 2859 284 2925 In
303 2861 513 2946 triquetrum
532 2861 696 2948 adpostus
715 2861 757 2927 de
776 2863 867 2928 senis
886 2863 1045 2950 partibus
1063 2864 1178 2952 ipsum

241 2975 379 3042 Indicat
397 2976 611 3065 inspicuum,
632 2977 729 3043 varia
750 2978 799 3043 sic
819 2979 1017 3045 conditione

240 3091 425 3178 Informat,
446 3094 620 3179 variisque
639 3095 742 3159 tornis
762 3094 862 3161 deinc
882 3097 995 3163 orbita
1014 3098 1120 3163 scissa
1140 3103 1204 3181 est,

243 3209 342 3287 Quod
359 3210 501 3298 proprio
520 3216 713 3277 monstrare
731 3212 806 3278 loco
825 3236 920 3280 meus
940 3214 1022 3279 ordo
1041 3214 1200 3302 reposcit.
1358 3245 1383 3282 11

321 3468 465 3530 Proxime
483 3469 573 3531 dictis
598 3491 658 3532 non
685 3471 880 3533 obstantibus
903 3473 941 3532 de
965 3474 1069 3551 anguli
1091 3474 1262 3551 quantitate
1280 3476 1384 3537 defiui-

176 3586 220 3650 ‘20
242 3607 310 3648 mus
332 3595 423 3666 atque
444 3591 572 3668 virtute,
596 3611 655 3651 uon
682 3591 804 3667 quidem
828 3593 946 3653 ratione
969 3595 1092 3652 termini
1121 3601 1153 3653 et
1177 3595 1304 3673 minimi,
1328 3599 1382 3658 sed

241 3707 353 3784 partim
371 3707 468 3786 ipsius
486 3709 570 3768 iuxta
587 3710 723 3786 tertiam,
742 3711 854 3788 partim
871 3731 989 3789 quoquc
1010 3711 1095 3772 iuxta
1116 3721 1255 3790 quartam
1271 3716 1385 3793 signifi-

241 3822 391 3884 cationem
405 3824 583 3904 accipiendi.
