3428 5138
352 419 392 478 54
793 431 931 479 {annual
951 430 1052 479 aaran

352 606 415 671 AB
445 605 503 672 Bc
528 607 589 672 OD
613 608 677 673 DE
701 608 758 672 EF
781 608 853 672 ΕΑ.
877 609 950 674 104.
967 609 1016 676 Ut
1035 608 1116 674 inde
1136 607 1292 693 sequitur
1317 606 1493 691 legonus,

352 733 519 819 regenne
531 741 566 799 et
577 733 812 822 deinceps?In
823 734 1095 821 praesentiarum
1106 734 1236 800 bisecta
1248 740 1283 799 et
1295 731 1491 799 subbiseeta

352 859 479 926 chorda
502 868 537 926 et
559 883 650 927 arcu.
668 860 832 949 Operatio
851 862 944 928 enim
962 884 1024 950 per
1051 860 1250 928 immediata
1269 860 1410 928 dabitur
1429 881 1491 947 po·

352 987 490 1072 sterius,
507 1010 585 1053 cum
604 987 671 1054 duo
690 988 823 1074 reliqua
840 988 950 1054 latera
973 995 1071 1056 extra
1100 988 1267 1055 circulum
1295 987 1492 1075 capiuntur.

726 1257 1007 1337 MEMBRVM
1034 1259 1124 1338 XV.

533 1440 586 1493 na
605 1440 854 1511 uuerncorm,
874 1441 1037 1513 naono,
1056 1441 1208 1499 aaaoro
1226 1440 1307 1496 nro.
1516 1450 1543 1499 e
1560 1437 1612 1499 3r

820 1668 912 1734 Orvs
936 1669 1009 1734 105.

442 1853 489 1919 Vt
507 1851 742 1940 heptagonum
757 1853 886 1919 circulo
902 1854 1109 1921 inscribam?
1123 1855 1165 1921 In
1182 1862 1218 1945 ἅ
1237 1863 1374 1944 sumpta
1390 1855 1427 1922 in
1444 1855 1493 1922 OI

353 1981 608 2047 semidiametro
623 1980 754 2045 biseeto
778 1981 815 2045 in
833 1988 963 2068 puncto
982 1983 1017 2048 H
1035 1982 1313 2070 perpendiculari
1328 1983 1408 2067 VH,
1425 2004 1493 2070 qua

289 2111 331 2174 10
353 2105 569 2195 peripheriae
585 2104 845 2173 adcommodat-a
863 2107 1079 2194 propositum
1102 2129 1320 2194 consequare.
1344 2106 1492 2173 Bisectis

353 2238 468 2297 eutem
484 2238 519 2296 et
537 2231 742 2297 subbisectis
760 2231 907 2297 arcubus
923 2232 966 2297 ad
979 2232 1109 2319 prolem
1127 2231 1317 2320 heptagoni
1328 2238 1425 2320 patet
1441 2255 1493 2298 ac·

353 2379 475 2423 cessus.
489 2357 605 2422 Habes
616 2355 707 2422 idem
725 2356 761 2422 in
779 2357 817 2444 'j
835 2357 871 2421 in
883 2365 1012 2444 puncto
1027 2384 1055 2445 e,
1069 2358 1129 2425 ubi
1144 2366 1274 2426 rectam
1294 2357 1347 2424 uA
1360 2357 1492 2424 bisecat

353 2489 447 2548 recta
466 2481 536 2547 BF.

718 2708 1000 2787 MEMBRVM
1027 2711 1137 2787 XVI.

289 2876 330 2939 15
554 2890 607 2944 on
624 2891 847 2963 uouncouo,
865 2893 1028 2965 ra-oono
1046 2893 1200 2950 secono
1220 2894 1300 2951 nro.

829 3115 920 3184 Oevs
945 3119 1019 3184 106.

442 3310 490 3376 Vt
507 3331 729 3394 nona-gonum
750 3311 979 3376 constituam?
998 3310 1037 3376 Si
1054 3312 1093 3377 in
1119 3312 1141 3392 b
1164 3312 1298 3378 alterna
1320 3310 1492 3399 hexagoni

353 3442 483 3524 puncta
502 3436 532 3500 Β
555 3441 589 3499 et
607 3434 636 3497 F
655 3434 699 3499 ab
723 3435 756 3499 A
778 3435 1046 3522 aequidistantia
1069 3459 1130 3523 pcr
1153 3438 1183 3501 E
1212 3443 1246 3501 et
1273 3436 1300 3501 0
1319 3436 1494 3524 hexagoni

354 3564 598 3650 subsequentia
609 3574 738 3651 puncta
757 3586 777 3628 a
797 3563 828 3627 D
848 3564 1117 3648 aequidistantia
1128 3563 1239 3629 fluant
1250 3563 1288 3629 iu
1300 3563 1428 3631 lineam
1439 3566 1494 3631 ΚΙ

288 3686 332 3749 20
356 3691 392 3755 in
412 3690 443 3754 D
463 3689 743 3774 contingentem,
763 3687 824 3753 ubi
847 3689 999 3754 vicissim
1017 3688 1044 3753 Ο
1064 3711 1124 3776 per
1142 3689 1172 3754 B
1193 3692 1197 3772 Ι
1218 3696 1253 3754 et
1271 3688 1301 3753 Ε
1325 3710 1388 3775 per
1406 3689 1436 3755 F
1457 3689 1496 3755 in
1520 3706 1546 3756 θ
1563 3692 1619 3757 3’

354 3817 497 3881 alteram
517 3814 777 3900 contingentem
793 3813 830 3879 in
848 3822 977 3900 puncto
995 3815 1039 3897 A,
1055 3836 1178 3901 nempe
1190 3814 1271 3895 LM,
1287 3814 1496 3901 angustoque,

354 3950 484 4027 puncto
501 3939 518 4003 Ι
537 3939 664 4004 fluente
684 3939 720 4003 in
740 3939 776 4002 M
795 3946 828 4003 et
849 3940 884 4003 K
903 3938 940 4004 in
960 3940 1001 4021 L,
1021 3939 1122 4004 fneile
1141 3938 1178 4003 in
1204 3940 1226 4017 b
1249 3940 1400 4007 claustro
1419 3962 1498 4007 con-

356 4066 493 4148 stituto,
517 4064 680 4129 subteusa
705 4064 773 4127 DH
791 4064 847 4128 rel
866 4064 928 4127 DG
951 4064 1041 4129 latus
1060 4076 1110 4128 est
1135 4065 1325 4149 uouagoni,
1350 4072 1385 4130 et
1409 4087 1497 4150 quae

1289 4214 1363 4220 —..-—
1393 4214 1432 4221 ——

450 4268 570 4318 ssarchu
633 4267 729 4316 (tall
749 4270 917 4331 eptagonoe
933 4266 990 4316 einr.
1057 4268 1145 4317 1:018
1161 4269 1285 4333 exagoni
1350 4270 1379 4319 17
1413 4260 1498 4344 [poni

356 4350 417 4402 vuol
434 4354 642 4414 rupprcscnmrc
668 4365 720 4397 nou
739 4350 766 4396 lo
781 4348 875 4411 simam
899 4348 1077 4411 claustrum,
1102 4365 1146 4397 nro
1169 4347 1240 4399 tenet
1268 4350 1296 4397 la
1324 4350 1423 4403 clavis
1449 4351 1498 4405 Sa·

357 4435 436 4485 turni
503 4434 531 4480 ro
548 4433 652 4481 lineam
670 4431 696 4480 K
