3428 5138
458 455 503 499 DE
525 455 700 501 Pnrncn’lis
722 455 900 501 nnnsvsssn
920 456 962 501 ΕΤ
982 455 1138 502 slavnic.
1310 439 1368 500 287

717 693 776 742 Quid
797 694 887 734 orbis.

224 846 288 911 Est
312 846 421 912 orbis
444 846 584 932 gemina
604 869 726 933 corpus
746 846 834 912 facie
853 854 958 932 atque
976 869 1038 934 per
1057 869 1175 912 omnes

224 963 380 1029 Conveni
399 969 504 1049 atque
523 962 599 1029 cavi
618 970 733 1049 partes
753 961 943 1050 aequaliter
960 963 1080 1028 altum.

690 1163 751 1212 Quid
772 1163 906 1214 sphaera.

180 1313 200 1375 5
225 1314 407 1402 Sphaera
423 1322 477 1382 est
491 1316 547 1382 cui
558 1316 703 1404 longum
715 1323 766 1383 est
779 1338 926 1402 aequum
938 1339 977 1382 ac
987 1316 1098 1382 latum
1110 1323 1215 1402 atque
1226 1314 1370 1402 profun-

224 1430 397 1519 Oontigue
416 1440 609 1499 extremum
628 1433 724 1500 cuins
746 1455 882 1520 quoque
901 1432 1048 1499 circulus
1068 1431 1188 1498 ambit.
1260 1430 1367 1516 plum,
1415 1497 1418 1500 ,

689 1631 750 1680 Quid
772 1633 908 1685 pyramis.

228 1790 416 1878 Pyramia
439 1797 492 1857 est
511 1813 646 1878 eorpus,
666 1788 758 1876 quod
778 1789 821 1856 ab
840 1811 909 1855 uno
928 1788 1042 1876 pluria
1061 1789 1166 1877 plana
1342 1817 1369 1856 aa

224 1907 333 1974 Plano
353 1907 554 1974 deminuens
574 1907 611 1972 in
629 1912 799 1995 punctum
818 1904 952 1992 colligit
970 1927 1091 1971 unum.

160 2094 201 2158 10
695 2106 755 2154 Qum
776 2109 902 2146 caetera.

228 2260 322 2339 Quae
342 2267 505 2327 constant
524 2283 565 2326 ex
585 2260 628 2326 iis
647 2267 750 2326 sunto
769 2260 869 2325 finita
886 2282 949 2346 per
967 2259 1056 2347 ipsa,

223 2378 270 2443 Et
288 2378 389 2444 finita
408 2400 497 2464 vago
516 2377 600 2444 data
619 2376 845 2465 particularia
864 2399 974 2443 sensu.

306 2634 447 2713 Cognitio
465 2634 658 2714 incomplexa
679 2633 868 2714 complexam
891 2632 1062 2714 praecedit,
1081 2635 1303 2696 enunciationis
1328 2636 1369 2695 vi·
1378 2632 1526 2709 p.148

224 2751 337 2813 delicet
353 2751 493 2813 notitiam
510 2752 620 2813 notitia
636 2750 821 2831 simplicium
836 2751 1043 2812 terminorum.
1062 2752 1198 2813 Termini
1212 2751 1368 2833 simplices

160 2870 201 2936 15
224 2878 296 2931 sunt
325 2870 495 2931 subiectum
526 2879 558 2931 et
585 2869 702 2948 passio,
725 2867 764 2937 de
790 2868 900 2946 quibus
927 2869 1076 2931 ambobus
1106 2889 1368 2949 praecognoscere

225 2993 347 3066 oportet
363 2986 494 3062 quidest
508 2996 636 3064 etesse,
655 2985 727 3064 poni
746 2986 797 3047 vel
814 2985 955 3065 supponi.
974 2985 1050 3046 Ideo
1072 2985 1267 3049 definitiones
1284 3010 1368 3069 prae·

228 3103 396 3164 mittendae
416 3111 487 3164 ante
509 3123 575 3181 eas,
603 3122 680 3179 quae
702 3122 739 3162 ex
766 3101 964 3162 terminorum
991 3102 1166 3179 cognitione
1194 3103 1368 3168 clarescunt

225 3221 402 3298 dignitates.

657 3561 811 3628 CAPVT
846 3563 942 3629 VIII.

158 3737 203 3800 20
357 3758 479 3799 Arioniam
493 3759 548 3798 artis
563 3771 604 3810 per
618 3773 642 3800 aa
656 3765 679 3800 ct
695 3760 843 3801 terminorum
859 3773 908 3801 cum
922 3762 1089 3811 significatione
1105 3763 1234 3804 manifesta.

315 3977 466 4045 Palladis
486 3989 567 4046 ante
587 3981 677 4048 fores
696 3982 782 4048 cluit
801 3982 884 4050 crdo
904 3983 1169 4072 principiorum,

228 4093 330 4172 Queis
350 4101 474 4161 natura
493 4096 578 4163 facit
598 4106 711 4164 totum
731 4105 765 4164 ct
784 4122 881 4165 mens
900 4101 1038 4187 singula
1055 4102 1178 4185 ccrnit;

227 4212 378 4289 Quorum
398 4211 440 4277 do
459 4236 601 4280 numero
621 4215 649 4281 si
669 4215 745 4301 quis
765 4217 976 4282 subtraxerit
994 4240 1115 4303 unum,

232 4379 375 4386 ———
693 4384 1366 4401 ——m-0---—----———,

319 4465 350 4517 10
364 4469 480 4516 coetera
542 4466 573 4516 12
588 4466 655 4518 <lato
