3428 5138
518 428 833 475 rouraurmmouus
854 430 896 473 nx
917 429 1048 475 nmmo.
1296 415 1355 474 229

215 579 354 641 diametri
379 589 484 660 partes
501 591 593 660 atque
614 594 718 645 costae
740 590 812 644 sunt
832 584 993 662 aequales,
1012 591 1043 644 et
1067 583 1145 644 ratio
1162 583 1245 643 nulla
1262 602 1356 644 rema·

214 704 286 757 neat
305 718 364 774 qua
388 706 504 759 costam
526 699 665 775 quadrati
695 699 863 760 diametrus
889 698 1026 760 excedat.
1052 700 1146 759 Patet
1170 699 1262 759 etiam
1287 698 1360 774 quid

216 812 376 872 dicendum
403 813 444 873 sit
464 813 503 873 ad
527 815 718 893 propositum
746 815 873 876 alterius
902 835 992 892 quam
1018 822 1143 875 movent
1170 814 1358 875 difficultatis

216 929 342 990 eandem
360 930 606 991 distributionem
624 930 766 992 faciendo
788 931 818 990 in
841 931 959 991 duabus
976 931 1071 992 rectis
1097 931 1204 1009 lineis,
1235 951 1313 1008 quae
1340 950 1358 990 a

171 1045 192 1107 ἵ)
216 1059 320 1106 centro
338 1046 534 1123 egredientes
556 1047 698 1108 continue
720 1047 865 1108 maiorem
893 1047 932 1107 ab
960 1046 1091 1108 invicem
1119 1045 1297 1107 distantiam
1317 1047 1360 1105 in-

216 1168 353 1240 currunt,
374 1171 405 1222 et
430 1170 584 1239 nequeunt
603 1164 646 1223 ita
662 1162 838 1224 immediate
865 1163 1070 1224 adhaerentes
1100 1170 1205 1241 partes
1235 1162 1360 1222 maioris

215 1275 295 1336 sicut
320 1276 423 1336 circuli
455 1279 609 1339 conceutri
629 1278 754 1340 minoris
773 1278 970 1358 pertransire.
991 1277 1122 1340 Constet
1147 1284 1249 1339 autem
1270 1277 1359 1338 nobis

216 1413 253 1454 ex
274 1393 380 1471 dictis,
404 1404 515 1456 utnon
534 1416 639 1457 omnes
664 1405 770 1476 partes
797 1405 935 1458 centrum
952 1396 1119 1474 attingant,
1136 1416 1235 1473 neque
1255 1416 1360 1457 omnes

216 1510 315 1572 lineae
338 1513 521 1591 simpliciter
549 1513 648 1593 primo
680 1514 721 1574 ad
752 1533 871 1574 omnem
899 1511 1175 1573 circumferentiam
1202 1533 1221 1572 a
1252 1521 1357 1573 centro

152 1623 194 1687 10
217 1627 429 1705 egrediantur;
442 1649 534 1709 porro
546 1630 628 1691 iuter
644 1631 721 1692 alias
736 1637 842 1691 extant
859 1636 1008 1709 perpetuo
1025 1630 1151 1690 ultimae
1169 1649 1223 1691 sex
1242 1629 1359 1689 duabus

217 1746 403 1823 compositae
414 1748 562 1826 partibus,
577 1767 685 1824 quasa
701 1746 813 1806 circulo
828 1745 994 1826 penultimo
1009 1745 1216 1823 egrediuntur,
1231 1746 1359 1806 totidem

215 1860 288 1920 item
305 1883 382 1938 quae
400 1871 536 1923 centrum
554 1863 735 1943 simpliciter
749 1862 881 1923 medium
898 1863 1054 1940 attingunt
1071 1871 1236 1943 perpetuo,
1255 1883 1355 1940 quem·

216 1977 378 2039 admodum
395 1980 426 2038 iu
441 2000 513 2040 area
529 1980 699 2041 Democriti
716 1980 847 2041 adaucta
865 1987 913 2041 est
933 1980 1137 2059 perspicuum.

295 2105 312 2151 u
333 2095 498 2174 Proposito
526 2116 639 2156 canone
665 2116 726 2156 non
751 2102 819 2156 utar
839 2096 870 2155 iu
890 2096 1067 2157 inventione
1094 2094 1224 2173 minimi,
1252 2096 1304 2155 ubi
1337 2117 1355 2155 a

153 2205 193 2268 15
216 2210 362 2289 trianguli
383 2212 522 2273 isoscelis
544 2212 656 2291 angulo
674 2212 712 2273 de
730 2213 814 2273 basis
832 2213 1003 2290 quantitate
1024 2211 1176 2289 diiudico,
1193 2211 1274 2272 unde
1295 2231 1355 2272 non

216 2327 382 2388 secundum
400 2327 555 2408 propriam
572 2330 662 2390 istam
682 2329 928 2390 directitudinem
946 2329 1047 2389 lineae
1060 2327 1242 2407 procedunt.
1264 2328 1360 2404 Atqui

217 2445 259 2505 ibi
278 2465 337 2505 non
359 2447 504 2523 aequales
525 2447 642 2525 figurae
664 2456 784 2527 partes,
806 2447 862 2509 sed
890 2446 979 2509 unius
996 2454 1087 2524 atque
1115 2447 1242 2507 alterius
1259 2444 1359 2507 lineae
1385 2478 1390 2489 ·

217 2561 462 2641 proportionales
479 2564 711 2644 investigamus.

297 2693 313 2740 ‘l
335 2680 419 2739 Alibi
436 2678 534 2742 fusius
550 2683 750 2760 meminimus,
765 2690 799 2744 ut
812 2681 893 2743 linea
905 2680 1027 2759 oblique
1043 2681 1156 2742 lineam
1170 2680 1361 2741 intersecans

152 2784 196 2848 20
218 2815 278 2854 non
299 2796 465 2856 secundum
483 2806 639 2877 punctum,
659 2799 715 2860 sed
736 2799 903 2860 seeundum
924 2799 1048 2878 longum
1065 2797 1243 2875 intersecat,
1267 2803 1360 2874 utque

218 2912 292 2971 nihil
311 2912 436 2976 stultius
453 2914 527 2992 fingi
542 2916 657 2995 possit,
674 2937 765 2994 quam
783 2916 864 2994 quod
881 2915 1000 2994 dicunt,
1023 2916 1080 2975 sub
1102 2914 1172 2995 polo
1189 2912 1361 2973 inhabitan-

218 3027 300 3090 tibus
321 3030 351 3089 in
374 3040 485 3108 puncto
507 3032 656 3111 temporis
678 3039 761 3093 totus
783 3031 991 3093 semicirculus
1012 3031 1171 3108 adsurgat,
1194 3036 1226 3089 et
1250 3029 1360 3089 diuma·

218 3152 284 3204 trus
302 3165 338 3205 ex
356 3166 391 3206 eo
409 3147 490 3224 quod
511 3155 577 3208 tota
597 3168 691 3229 super
711 3149 880 3211 horizontis
897 3149 988 3228 plano
1009 3146 1212 3223 incumbebat,
1233 3152 1360 3224 repente

218 3262 257 3321 ad
279 3263 415 3324 eiusdem
444 3265 475 3324 in
501 3273 614 3344 puncto
641 3266 891 3329 intersectionem
916 3273 1090 3343 moveatur,
1114 3272 1146 3324 et
1172 3271 1274 3324 tumen
1300 3260 1359 3341 ipsi

153 3373 196 3436 25
218 3380 310 3440 iidem
326 3382 377 3458 qui
395 3392 507 3442 motum
526 3383 556 3442 in
571 3384 700 3444 instanti
718 3404 778 3444 non
796 3403 866 3444 esse
884 3382 1087 3459 contendunt,
1103 3380 1171 3442 heic
1187 3379 1218 3439 in
1234 3379 1361 3440 instanti

218 3498 256 3556 ab
274 3519 333 3556 uno
351 3505 487 3558 extremo
510 3499 548 3559 ad
567 3500 696 3560 alterum
714 3510 882 3562 extremum
905 3499 1031 3560 huiusce
1047 3495 1152 3575 generi
1171 3494 1360 3575 progressio-

217 3636 286 3675 nem
302 3618 404 3695 (quam
423 3629 545 3678 nonest
562 3619 711 3697 possibile
728 3629 761 3679 ut
778 3617 900 3696 ingenio
917 3637 1026 3696 capere
1044 3615 1178 3697 possint)
1197 3614 1301 3676 verbis
1319 3612 1361 3673 es·

219 3734 334 3809 tingant
352 3742 383 3794 et
400 3734 644 3814 pertinacissime
662 3735 883 3797 deblaterando
900 3742 1053 3795 tucantur.

690 3898 838 3903 -—-..-.
868 3898 887 3903 ..
967 3897 972 3901 .
1006 3893 1357 3902 -...—--—·--—-·-—-

313 3978 342 4027 lr'r
359 3979 501 4030 Iaoelielis
