3428 5138
643 405 783 451 IORDANI
803 405 905 450 BBVNI
927 406 971 451 DE
992 407 1128 468 Minimo,
1150 407 1197 451 111.

789 775 942 841 OAPVT
970 776 1053 841 XII.

705 989 851 1029 Communem
863 999 992 1030 mensuram
1005 989 1130 1030 iuventam.

435 1237 484 1304 Ut
503 1238 584 1302 licet
604 1236 641 1301 in
659 1234 809 1323 primam
828 1233 1011 1298 minimum
1031 1233 1234 1300 descendere
1253 1244 1402 1323 partem,

347 1353 547 1421 Communis
568 1376 704 1439 quoque
723 1374 903 1417 mensurae
921 1351 989 1417 tibi
1009 1352 1269 1439 comperiendae

303 1474 323 1537 5
348 1471 538 1558 Propositis
559 1470 692 1536 cunctis
712 1475 805 1534 certa
824 1476 875 1534 est
893 1467 1021 1554 largita
1040 1468 1197 1535 facultas

347 1589 459 1673 Aloga
476 1593 576 1673 (quae
596 1586 688 1651 dicta
707 1590 770 1668 est)
789 1607 870 1672 pare
886 1584 1010 1672 plectri
1030 1585 1067 1650 in
1087 1585 1227 1673 cuspide
1246 1587 1418 1654 Arachnis

349 1704 493 1782 Quando
517 1702 652 1777 adiecta
670 1703 768 1768 venit
786 1707 970 1788 partesque
987 1701 1099 1767 soluta
1117 1724 1179 1789 per
1199 1725 1316 1769 omnes
1481 1735 1494 1774 5

349 1820 453 1897 Queis
473 1841 558 1907 opus
579 1825 631 1885 est
650 1818 812 1906 gemiuiS,
833 1839 920 1902 quae
939 1818 1059 1904 regula
1078 1817 1186 1884 totius
1204 1842 1274 1884 una
1295 1826 1359 1904 est,

348 1937 569 2025 Compertam
588 1935 673 2002 facit
693 1957 765 2000 esse
784 1941 916 2000 tomum
936 1934 973 1999 in
992 1956 1187 2020 magnoque
1207 1935 1379 2001 cluentem

286 2066 328 2128 10
349 2054 470 2140 Deque
489 2052 602 2140 operis
619 2051 712 2117 scala
730 2050 899 2136 graduato
919 2051 1059 2117 nomine
1078 2051 1220 2135 dictam;

351 2169 584 2256 Rhythmious
604 2167 642 2232 in
662 2166 808 2255 simplex
825 2166 916 2252 quod
935 2187 1015 2232 mox
1033 2166 1174 2254 propria
1190 2174 1264 2232 arte
1280 2168 1430 2234 resolvat

337 2287 430 2360 ‚Non
447 2284 598 2351 venitin
616 2285 753 2370 praxin,
777 2283 858 2369 quia
876 2306 939 2348 nec
958 2307 1020 2370 per
1039 2307 1074 2349 se
1093 2284 1273 2371 capienda,
1470 2317 1495 2354 ιο
1514 2332 1525 2352 f

351 2403 518 2469 Occurrit.
538 2402 646 2467 Porro
666 2408 716 2466 est
735 2400 819 2466 haec
839 2400 1055 2467 consimilare
1074 2402 1305 2488 peramplum

350 2521 439 2585 Tum
458 2519 594 2584 demum
614 2517 801 2605 spectanda
819 2517 886 2583 tibi
902 2539 1031 2605 perque
1050 2517 1291 2583 adsimilarem.

287 2641 328 2706 15
352 2636 466 2722 Aloga
484 2658 547 2700 neo
566 2634 632 2699 tibi
651 2639 828 2700 succurrat
847 2633 1019 2719 doctrina,
1040 2656 1229 2727 carensque

352 2753 463 2817 Metro
480 2752 526 2816 sis
546 2773 697 2834 mensor3
715 2773 862 2816 canonos
881 2773 992 2836 nequo
1011 2750 1288 2838 multiplicentur

350 2868 510 2951 Frustra,
529 2874 569 2933 ut
587 2873 754 2954 perpetuo
773 2889 950 2950 nunquam
970 2864 1179 2930 invenienda
1196 2889 1339 2952 sequare
1468 2898 1493 2936 15

351 2985 612 3069 Mensoremque
632 2985 715 3049 satis
733 2982 839 3048 faciat
858 3004 1017 3047 mensura
1036 2980 1242 3069 propinqua.

631 3193 754 3234 Commune
768 3197 839 3234 totum
853 3197 876 3234 et
887 3194 1013 3234 communis
1024 3205 1077 3245 paro
1090 3205 1218 3236 mensurae.

286 3367 330 3428 ‘20
352 3375 442 3440 Nam
460 3395 587 3459 gyrum
603 3372 754 3439 medium
773 3372 927 3438 suffulcit
946 3373 1126 3460 dimetrus,
1147 3383 1251 3462 utque

353 3489 522 3569 Quadrati
539 3488 673 3556 vicibus
693 3496 839 3574 quatuor
859 3490 1062 3577 complebile
1082 3500 1175 3558 costa
1194 3503 1245 3560 est

352 3607 405 3672 Ac
424 3606 514 3672 senis
531 3605 646 3688 radi03
666 3613 758 3672 corta
778 3605 932 3692 serieque
950 3608 1085 3675 videbis

352 3725 402 3791 Ut
417 3723 487 3789 sint
504 3745 683 3789 mensurae
702 3725 886 3808 cyclusque
905 3731 939 3789 et
955 3734 1048 3790 reeta
1069 3725 1237 3810 vicissim,
1470 3762 1496 3800 20

352 3841 402 3907 Ut
417 3838 533 3904 radius
552 3839 641 3904 ratio
658 3846 709 3904 est
728 3861 828 3925 gyr0,
850 3862 985 3926 quoque
1006 3841 1179 3926 quaelibet
1199 3843 1279 3908 indo
1495 3868 1535 3930 p.
1555 3851 1653 3918 128

287 3957 329 4021 ‘25
354 3959 464 4023 Certis
483 3979 546 4045 pro
565 3957 699 4022 vicibus
719 3964 811 4023 reeta
831 3965 882 4024 est
901 3980 1101 4045 comprensa
1121 3959 1184 4025 sub
1204 3982 1300 4043 arcu,

354 4075 510 4139 Bressius
529 4082 567 4139 ut
587 4082 756 4140 monstrat
776 4075 981 4161 quandoque
998 4082 1032 4139 et
1048 4075 1171 4160 anglus
1190 4077 1371 4144 Arachnis.

356 4190 422 4254 Sed
445 4191 584 4277 propria
601 4190 751 4256 eiusdem
771 4192 907 4277 generis
926 4213 1086 4256 mensura
1105 4215 1167 4278 per
1187 4214 1287 4258 omne
1306 4202 1357 4258 est

444 4440 475 4490 10
493 4439 588 4490 schola
653 4442 682 4490 ll
701 4439 822 4492 abbiamo
838 4440 900 4492 ono
915 4439 1026 4506 ilpunto
1034 4442 1125 4507 ferreo
1138 4440 1209 4506 dopo
1222 4441 1350 4492 resolvat
