<?xml version="1.0" encoding="UTF-8"?>
<!DOCTYPE html PUBLIC "-//W3C//DTD XHTML 1.0 Transitional//EN"
    "http://www.w3.org/TR/xhtml1/DTD/xhtml1-transitional.dtd">
<html xmlns="http://www.w3.org/1999/xhtml" xml:lang="en" lang="en">
 <head>
  <title>
</title>
<meta http-equiv="Content-Type" content="text/html;charset=utf-8" />
  <meta name='ocr-system' content='tesseract 3.04.00' />
  <meta name='ocr-capabilities' content='ocr_page ocr_carea ocr_par ocr_line ocrx_word'/>
</head>
<body>
  <div class='ocr_page' id='page_1' title='image "./jordanibruninol01brungoog_0029.png"; bbox 0 0 3428 5138; ppageno 0'>
   <div class='ocr_carea' id='block_1_1' title="bbox 258 367 957 441">
    <p class='ocr_par' dir='ltr' id='par_1_1' title="bbox 258 367 957 441">
     <span class='ocr_line' id='line_1_1' title="bbox 258 367 957 441; baseline 0.006 -8"><span class='ocrx_word' id='word_1_1' title='bbox 258 367 295 435; x_wconf 79' lang='lat'><strong>12</strong></span> <span class='ocrx_word' id='word_1_2' title='bbox 700 393 838 441; x_wconf 78' lang='lat' dir='ltr'><strong>mamm</strong></span> <span class='ocrx_word' id='word_1_3' title='bbox 854 392 957 440; x_wconf 75' lang='lat' dir='ltr'><strong>naum</strong></span> 
     </span>
    </p>
   </div>
   <div class='ocr_carea' id='block_1_2' title="bbox 191 563 1478 1796">
    <p class='ocr_par' dir='ltr' id='par_1_2' title="bbox 211 563 1400 1165">
     <span class='ocr_line' id='line_1_2' title="bbox 255 563 1400 657; baseline 0 -27"><span class='ocrx_word' id='word_1_4' title='bbox 255 574 366 632; x_wconf 87' lang='lat' dir='ltr'><strong>rectos</strong></span> <span class='ocrx_word' id='word_1_5' title='bbox 381 567 532 635; x_wconf 81' lang='lat' dir='ltr'><strong>invicem</strong></span> <span class='ocrx_word' id='word_1_6' title='bbox 547 570 706 656; x_wconf 89' lang='lat' dir='ltr'><strong>probant.</strong></span> <span class='ocrx_word' id='word_1_7' title='bbox 726 570 869 657; x_wconf 78' lang='lat' dir='ltr'><strong>Repetit</strong></span> <span class='ocrx_word' id='word_1_8' title='bbox 884 568 982 635; x_wconf 83' lang='lat' dir='ltr'><strong>Eucl.</strong></span> <span class='ocrx_word' id='word_1_9' title='bbox 998 570 1051 635; x_wconf 99' lang='lat'><strong>27.</strong></span> <span class='ocrx_word' id='word_1_10' title='bbox 1066 568 1120 634; x_wconf 93' lang='lat'><strong>28.</strong></span> <span class='ocrx_word' id='word_1_11' title='bbox 1139 569 1194 634; x_wconf 84' lang='grc'><strong>29.</strong></span> <span class='ocrx_word' id='word_1_12' title='bbox 1211 567 1264 632; x_wconf 85' lang='grc'><strong>30.</strong></span> <span class='ocrx_word' id='word_1_13' title='bbox 1280 589 1313 653; x_wconf 89' lang='lat' dir='ltr'><strong>p.</strong></span> <span class='ocrx_word' id='word_1_14' title='bbox 1330 563 1400 652; x_wconf 91' lang='lat' dir='ltr'><strong>pri·</strong></span> 
     </span>
     <span class='ocr_line' id='line_1_3' title="bbox 256 691 508 777; baseline 0.02 -21"><span class='ocrx_word' id='word_1_15' title='bbox 256 691 317 777; x_wconf 86' lang='lat' dir='ltr'><strong>mi;</strong></span> <span class='ocrx_word' id='word_1_16' title='bbox 338 694 368 759; x_wconf 87' lang='grc'><strong>9.</strong></span> <span class='ocrx_word' id='word_1_17' title='bbox 388 694 508 761; x_wconf 88' lang='lat' dir='ltr'><strong>undec.</strong></span> 
     </span>
     <span class='ocr_line' id='line_1_4' title="bbox 344 818 1248 912; baseline 0 -27"><span class='ocrx_word' id='word_1_18' title='bbox 344 820 409 887; x_wconf 93' lang='lat' dir='ltr'><strong>III.</strong></span> <span class='ocrx_word' id='word_1_19' title='bbox 433 822 532 889; x_wconf 90' lang='lat' dir='ltr'><strong>Adde</strong></span> <span class='ocrx_word' id='word_1_20' title='bbox 550 822 706 890; x_wconf 84' lang='lat' dir='ltr'><strong>Euelidis</strong></span> <span class='ocrx_word' id='word_1_21' title='bbox 724 823 841 890; x_wconf 89' lang='lat' dir='ltr'><strong>decern</strong></span> <span class='ocrx_word' id='word_1_22' title='bbox 859 823 990 912; x_wconf 89' lang='lat' dir='ltr'><strong>primas</strong></span> <span class='ocrx_word' id='word_1_23' title='bbox 1008 844 1080 910; x_wconf 91' lang='lat' dir='ltr'><strong>pro.</strong></span> <span class='ocrx_word' id='word_1_24' title='bbox 1097 818 1248 887; x_wconf 87' lang='lat' dir='ltr'><strong>secundi.</strong></span> 
     </span>
     <span class='ocr_line' id='line_1_5' title="bbox 349 947 1398 1036; baseline -0.004 -20"><span class='ocrx_word' id='word_1_25' title='bbox 349 949 408 1016; x_wconf 86' lang='lat' dir='ltr'><strong>IV.</strong></span> <span class='ocrx_word' id='word_1_26' title='bbox 433 951 604 1036; x_wconf 75' lang='lat' dir='ltr'>Aequales</span> <span class='ocrx_word' id='word_1_27' title='bbox 633 957 747 1017; x_wconf 89' lang='lat' dir='ltr'><strong>rectae</strong></span> <span class='ocrx_word' id='word_1_28' title='bbox 774 952 813 1016; x_wconf 91' lang='lat' dir='ltr'><strong>in</strong></span> <span class='ocrx_word' id='word_1_29' title='bbox 841 952 968 1017; x_wconf 88' lang='lat' dir='ltr'><strong>circulo</strong></span> <span class='ocrx_word' id='word_1_30' title='bbox 997 949 1187 1036; x_wconf 87' lang='lat' dir='ltr'><strong>aequaliter</strong></span> <span class='ocrx_word' id='word_1_31' title='bbox 1215 947 1349 1014; x_wconf 88' lang='lat' dir='ltr'><strong>distant</strong></span> <span class='ocrx_word' id='word_1_32' title='bbox 1376 969 1398 1012; x_wconf 90' lang='lat' dir='ltr'><strong>a</strong></span> 
     </span>
     <span class='ocr_line' id='line_1_6' title="bbox 211 1079 953 1165; baseline -0.004 -19"><span class='ocrx_word' id='word_1_33' title='bbox 211 1084 232 1146; x_wconf 78' lang='lat'><strong>7)</strong></span> <span class='ocrx_word' id='word_1_34' title='bbox 256 1082 388 1162; x_wconf 85' lang='lat' dir='ltr'><strong>contre,</strong></span> <span class='ocrx_word' id='word_1_35' title='bbox 406 1084 441 1143; x_wconf 92' lang='lat' dir='ltr'><strong>et</strong></span> <span class='ocrx_word' id='word_1_36' title='bbox 459 1102 478 1144; x_wconf 91' lang='lat' dir='ltr'><strong>e</strong></span> <span class='ocrx_word' id='word_1_37' title='bbox 497 1085 627 1146; x_wconf 86' lang='lat' dir='ltr'><strong>eontra.</strong></span> <span class='ocrx_word' id='word_1_38' title='bbox 648 1079 691 1143; x_wconf 90' lang='lat'><strong>14</strong></span> <span class='ocrx_word' id='word_1_39' title='bbox 709 1079 804 1145; x_wconf 83' lang='lat' dir='ltr'><strong>Eucl.</strong></span> <span class='ocrx_word' id='word_1_40' title='bbox 828 1079 953 1165; x_wconf 86' lang='lat' dir='ltr'><strong>quarti.</strong></span> 
     </span>
    </p>

    <p class='ocr_par' dir='ltr' id='par_1_3' title="bbox 253 1202 1401 1520">
     <span class='ocr_line' id='line_1_7' title="bbox 344 1202 1399 1290; baseline -0.001 -20"><span class='ocrx_word' id='word_1_41' title='bbox 344 1204 385 1270; x_wconf 88' lang='lat' dir='ltr'><strong>V.</strong></span> <span class='ocrx_word' id='word_1_42' title='bbox 408 1204 561 1270; x_wconf 85' lang='lat' dir='ltr'><strong>Maxima</strong></span> <span class='ocrx_word' id='word_1_43' title='bbox 584 1204 622 1270; x_wconf 93' lang='lat' dir='ltr'><strong>in</strong></span> <span class='ocrx_word' id='word_1_44' title='bbox 646 1205 774 1271; x_wconf 86' lang='lat' dir='ltr'><strong>circulo</strong></span> <span class='ocrx_word' id='word_1_45' title='bbox 793 1212 845 1271; x_wconf 90' lang='lat' dir='ltr'><strong>est</strong></span> <span class='ocrx_word' id='word_1_46' title='bbox 868 1204 1048 1289; x_wconf 86' lang='lat' dir='ltr'><strong>diameter,</strong></span> <span class='ocrx_word' id='word_1_47' title='bbox 1073 1203 1183 1270; x_wconf 89' lang='lat' dir='ltr'><strong>maior</strong></span> <span class='ocrx_word' id='word_1_48' title='bbox 1207 1225 1294 1290; x_wconf 85' lang='lat' dir='ltr'><strong>quae</strong></span> <span class='ocrx_word' id='word_1_49' title='bbox 1316 1202 1399 1269; x_wconf 89' lang='lat' dir='ltr'><strong>huic</strong></span> 
     </span>
     <span class='ocr_line' id='line_1_8' title="bbox 253 1329 1401 1418; baseline 0.001 -24"><span class='ocrx_word' id='word_1_50' title='bbox 253 1329 421 1415; x_wconf 84' lang='lat' dir='ltr'><strong>proxima.</strong></span> <span class='ocrx_word' id='word_1_51' title='bbox 445 1329 488 1395; x_wconf 92' lang='lat' dir='ltr'><strong>In</strong></span> <span class='ocrx_word' id='word_1_52' title='bbox 510 1329 686 1416; x_wconf 84' lang='lat' dir='ltr'><strong>triangulo</strong></span> <span class='ocrx_word' id='word_1_53' title='bbox 716 1331 927 1418; x_wconf 89' lang='lat' dir='ltr'><strong>aequilatero</strong></span> <span class='ocrx_word' id='word_1_54' title='bbox 951 1331 1057 1416; x_wconf 84' lang='lat' dir='ltr'><strong>basis,</strong></span> <span class='ocrx_word' id='word_1_55' title='bbox 1080 1330 1191 1397; x_wconf 86' lang='lat' dir='ltr'><strong>maior</strong></span> <span class='ocrx_word' id='word_1_56' title='bbox 1212 1329 1295 1396; x_wconf 90' lang='lat' dir='ltr'><strong>huie</strong></span> <span class='ocrx_word' id='word_1_57' title='bbox 1322 1351 1401 1417; x_wconf 89' lang='lat' dir='ltr'><strong>pro-</strong></span> 
     </span>
     <span class='ocr_line' id='line_1_9' title="bbox 255 1454 435 1520; baseline 0.011 -2"><span class='ocrx_word' id='word_1_58' title='bbox 255 1454 358 1520; x_wconf 86' lang='lat' dir='ltr'><strong>xima.</strong></span> <span class='ocrx_word' id='word_1_59' title='bbox 384 1455 435 1520; x_wconf 88' lang='lat'><strong>16.</strong></span> 
     </span>
    </p>

    <p class='ocr_par' dir='ltr' id='par_1_4' title="bbox 343 1580 1241 1669">
     <span class='ocr_line' id='line_1_10' title="bbox 343 1580 1241 1669; baseline 0.001 -21"><span class='ocrx_word' id='word_1_60' title='bbox 343 1580 403 1648; x_wconf 91' lang='lat' dir='ltr'><strong>VI.</strong></span> <span class='ocrx_word' id='word_1_61' title='bbox 427 1581 598 1647; x_wconf 87' lang='lat' dir='ltr'><strong>Diametri</strong></span> <span class='ocrx_word' id='word_1_62' title='bbox 614 1603 732 1647; x_wconf 88' lang='lat' dir='ltr'><strong>omnes</strong></span> <span class='ocrx_word' id='word_1_63' title='bbox 751 1587 785 1647; x_wconf 91' lang='lat' dir='ltr'><strong>et</strong></span> <span class='ocrx_word' id='word_1_64' title='bbox 804 1581 1051 1649; x_wconf 81' lang='lat' dir='ltr'><strong>semidiametri</strong></span> <span class='ocrx_word' id='word_1_65' title='bbox 1071 1582 1241 1669; x_wconf 79' lang='lat' dir='ltr'><strong>aequales</strong></span> 
     </span>
    </p>

    <p class='ocr_par' dir='ltr' id='par_1_5' title="bbox 191 1705 1478 1796">
     <span class='ocr_line' id='line_1_11' title="bbox 191 1705 1478 1796; baseline 0.004 -19"><span class='ocrx_word' id='word_1_66' title='bbox 191 1714 234 1777; x_wconf 91' lang='lat'><strong>10</strong></span> <span class='ocrx_word' id='word_1_67' title='bbox 344 1705 422 1773; x_wconf 87' lang='lat' dir='ltr'><strong>VII.</strong></span> <span class='ocrx_word' id='word_1_68' title='bbox 441 1708 474 1774; x_wconf 90' lang='lat' dir='ltr'>A</span> <span class='ocrx_word' id='word_1_69' title='bbox 492 1714 622 1795; x_wconf 91' lang='lat' dir='ltr'><strong>puncto</strong></span> <span class='ocrx_word' id='word_1_70' title='bbox 638 1707 676 1773; x_wconf 91' lang='lat' dir='ltr'><strong>in</strong></span> <span class='ocrx_word' id='word_1_71' title='bbox 695 1708 863 1776; x_wconf 84' lang='lat' dir='ltr'><strong>diametro</strong></span> <span class='ocrx_word' id='word_1_72' title='bbox 887 1709 1008 1776; x_wconf 89' lang='lat' dir='ltr'><strong>circuli</strong></span> <span class='ocrx_word' id='word_1_73' title='bbox 1027 1710 1178 1775; x_wconf 85' lang='lat' dir='ltr'><strong>maxima</strong></span> <span class='ocrx_word' id='word_1_74' title='bbox 1201 1708 1310 1776; x_wconf 87' lang='lat' dir='ltr'><strong>estin</strong></span> <span class='ocrx_word' id='word_1_75' title='bbox 1329 1731 1398 1796; x_wconf 88' lang='lat' dir='ltr'><strong>qua</strong></span> <span class='ocrx_word' id='word_1_76' title='bbox 1468 1765 1478 1782; x_wconf 93' lang='lat'><strong>.</strong></span> 
     </span>
    </p>
   </div>
   <div class='ocr_carea' id='block_1_3' title="bbox 256 1832 1399 2024">
    <p class='ocr_par' dir='ltr' id='par_1_6' title="bbox 256 1832 1399 2024">
     <span class='ocr_line' id='line_1_12' title="bbox 256 1832 1399 1923; baseline 0.005 -28"><span class='ocrx_word' id='word_1_77' title='bbox 256 1837 426 1914; x_wconf 82' lang='lat' dir='ltr'><strong>centrum,</strong></span> <span class='ocrx_word' id='word_1_78' title='bbox 450 1833 594 1899; x_wconf 88' lang='lat' dir='ltr'><strong>minima</strong></span> <span class='ocrx_word' id='word_1_79' title='bbox 612 1832 757 1918; x_wconf 88' lang='lat' dir='ltr'><strong>reliqua,</strong></span> <span class='ocrx_word' id='word_1_80' title='bbox 778 1835 1009 1922; x_wconf 84' lang='lat' dir='ltr'><strong>propinquior</strong></span> <span class='ocrx_word' id='word_1_81' title='bbox 1031 1858 1093 1923; x_wconf 89' lang='lat' dir='ltr'><strong>per</strong></span> <span class='ocrx_word' id='word_1_82' title='bbox 1111 1842 1268 1902; x_wconf 80' lang='lat' dir='ltr'><strong>centrum</strong></span> <span class='ocrx_word' id='word_1_83' title='bbox 1292 1834 1399 1902; x_wconf 90' lang='lat' dir='ltr'><strong>ducta</strong></span> 
     </span>
     <span class='ocr_line' id='line_1_13' title="bbox 256 1957 496 2024; baseline 0.021 -6"><span class='ocrx_word' id='word_1_84' title='bbox 256 1963 308 2020; x_wconf 87' lang='lat' dir='ltr'><strong>est</strong></span> <span class='ocrx_word' id='word_1_85' title='bbox 327 1957 445 2024; x_wconf 86' lang='lat' dir='ltr'><strong>maior.</strong></span> <span class='ocrx_word' id='word_1_86' title='bbox 467 1959 496 2023; x_wconf 91' lang='lat'><strong>7.</strong></span> 
     </span>
    </p>
   </div>
   <div class='ocr_carea' id='block_1_4' title="bbox 209 2076 1400 2174">
    <p class='ocr_par' dir='ltr' id='par_1_7' title="bbox 209 2076 1400 2174">
     <span class='ocr_line' id='line_1_14' title="bbox 209 2076 1400 2174; baseline 0.003 -23"><span class='ocrx_word' id='word_1_87' title='bbox 209 2098 213 2103; x_wconf 86' lang='lat'>&#39;</span> <span class='ocrx_word' id='word_1_88' title='bbox 302 2076 307 2084; x_wconf 48' lang='lat'>⁸</span> <span class='ocrx_word' id='word_1_89' title='bbox 344 2085 441 2151; x_wconf 89' lang='lat' dir='ltr'><strong>VIII.</strong></span> <span class='ocrx_word' id='word_1_90' title='bbox 466 2085 498 2150; x_wconf 84' lang='lat' dir='ltr'><strong>A</strong></span> <span class='ocrx_word' id='word_1_91' title='bbox 520 2095 650 2174; x_wconf 90' lang='lat' dir='ltr'><strong>puncto</strong></span> <span class='ocrx_word' id='word_1_92' title='bbox 674 2095 771 2154; x_wconf 85' lang='lat' dir='ltr'><strong>extra</strong></span> <span class='ocrx_word' id='word_1_93' title='bbox 795 2087 961 2154; x_wconf 89' lang='lat' dir='ltr'><strong>circulum</strong></span> <span class='ocrx_word' id='word_1_94' title='bbox 985 2087 1029 2154; x_wconf 91' lang='lat' dir='ltr'><strong>ad</strong></span> <span class='ocrx_word' id='word_1_95' title='bbox 1053 2088 1306 2155; x_wconf 82' lang='lat' dir='ltr'><strong>concavitatem</strong></span> <span class='ocrx_word' id='word_1_96' title='bbox 1329 2110 1400 2154; x_wconf 88' lang='lat' dir='ltr'><strong>ma·</strong></span> 
     </span>
    </p>
   </div>
   <div class='ocr_carea' id='block_1_5' title="bbox 192 2214 1398 2429">
    <p class='ocr_par' dir='ltr' id='par_1_8' title="bbox 192 2214 1398 2429">
     <span class='ocr_line' id='line_1_15' title="bbox 254 2214 1398 2302; baseline 0.001 -23"><span class='ocrx_word' id='word_1_97' title='bbox 254 2214 361 2300; x_wconf 83' lang='lat' dir='ltr'><strong>xima,</strong></span> <span class='ocrx_word' id='word_1_98' title='bbox 386 2215 429 2282; x_wconf 89' lang='lat' dir='ltr'><strong>ad</strong></span> <span class='ocrx_word' id='word_1_99' title='bbox 449 2217 752 2284; x_wconf 82' lang='lat' dir='ltr'><strong>convexitudinem</strong></span> <span class='ocrx_word' id='word_1_100' title='bbox 774 2216 920 2283; x_wconf 86' lang='lat' dir='ltr'><strong>minima</strong></span> <span class='ocrx_word' id='word_1_101' title='bbox 946 2215 1070 2284; x_wconf 90' lang='lat' dir='ltr'><strong>harum</strong></span> <span class='ocrx_word' id='word_1_102' title='bbox 1094 2238 1182 2302; x_wconf 88' lang='lat' dir='ltr'><strong>quae</strong></span> <span class='ocrx_word' id='word_1_103' title='bbox 1205 2214 1250 2282; x_wconf 91' lang='lat' dir='ltr'><strong>ad</strong></span> <span class='ocrx_word' id='word_1_104' title='bbox 1271 2214 1398 2281; x_wconf 79' lang='lat' dir='ltr'><strong>diame</strong></span> 
     </span>
     <span class='ocr_line' id='line_1_16' title="bbox 192 2344 479 2429; baseline -0.007 -19"><span class='ocrx_word' id='word_1_105' title='bbox 192 2346 232 2410; x_wconf 77' lang='lat'><strong>15</strong></span> <span class='ocrx_word' id='word_1_106' title='bbox 257 2347 358 2406; x_wconf 90' lang='lat' dir='ltr'><strong>trum.</strong></span> <span class='ocrx_word' id='word_1_107' title='bbox 378 2344 408 2407; x_wconf 89' lang='lat'><strong>8.</strong></span> <span class='ocrx_word' id='word_1_108' title='bbox 427 2366 479 2429; x_wconf 91' lang='lat' dir='ltr'><strong>pr.</strong></span> 
     </span>
    </p>
   </div>
   <div class='ocr_carea' id='block_1_6' title="bbox 343 2468 1398 2660">
    <p class='ocr_par' dir='ltr' id='par_1_9' title="bbox 343 2468 1398 2660">
     <span class='ocr_line' id='line_1_17' title="bbox 344 2468 1002 2557; baseline 0.003 -24"><span class='ocrx_word' id='word_1_109' title='bbox 344 2468 409 2534; x_wconf 93' lang='lat' dir='ltr'><strong>IX.</strong></span> <span class='ocrx_word' id='word_1_110' title='bbox 434 2470 561 2536; x_wconf 87' lang='lat' dir='ltr'><strong>Valent</strong></span> <span class='ocrx_word' id='word_1_111' title='bbox 579 2469 668 2535; x_wconf 85' lang='lat' dir='ltr'><strong>sexti</strong></span> <span class='ocrx_word' id='word_1_112' title='bbox 689 2470 739 2534; x_wconf 83' lang='lat'><strong>16.</strong></span> <span class='ocrx_word' id='word_1_113' title='bbox 762 2471 813 2534; x_wconf 88' lang='lat'><strong>17.</strong></span> <span class='ocrx_word' id='word_1_114' title='bbox 832 2470 885 2534; x_wconf 93' lang='lat'><strong>22.</strong></span> <span class='ocrx_word' id='word_1_115' title='bbox 904 2491 1002 2557; x_wconf 88' lang='lat' dir='ltr'><strong>prop.</strong></span> 
     </span>
     <span class='ocr_line' id='line_1_18' title="bbox 343 2592 1398 2660; baseline -0.001 -2"><span class='ocrx_word' id='word_1_116' title='bbox 343 2593 390 2658; x_wconf 92' lang='lat' dir='ltr'><strong>X.</strong></span> <span class='ocrx_word' id='word_1_117' title='bbox 414 2593 541 2660; x_wconf 89' lang='lat' dir='ltr'><strong>Valent</strong></span> <span class='ocrx_word' id='word_1_118' title='bbox 564 2593 738 2660; x_wconf 87' lang='lat' dir='ltr'><strong>undecimi</strong></span> <span class='ocrx_word' id='word_1_119' title='bbox 761 2596 792 2659; x_wconf 93' lang='grc'><strong>2.</strong></span> <span class='ocrx_word' id='word_1_120' title='bbox 816 2595 847 2659; x_wconf 90' lang='lat'><strong>4.</strong></span> <span class='ocrx_word' id='word_1_121' title='bbox 872 2594 902 2659; x_wconf 86' lang='lat'><strong>6.</strong></span> <span class='ocrx_word' id='word_1_122' title='bbox 928 2595 957 2659; x_wconf 91' lang='lat'><strong>7.</strong></span> <span class='ocrx_word' id='word_1_123' title='bbox 980 2595 1010 2658; x_wconf 92' lang='lat'><strong>8.</strong></span> <span class='ocrx_word' id='word_1_124' title='bbox 1038 2594 1088 2659; x_wconf 91' lang='grc'><strong>10.</strong></span> <span class='ocrx_word' id='word_1_125' title='bbox 1114 2595 1166 2658; x_wconf 93' lang='grc'><strong>12.</strong></span> <span class='ocrx_word' id='word_1_126' title='bbox 1192 2594 1243 2658; x_wconf 87' lang='grc'><strong>13.</strong></span> <span class='ocrx_word' id='word_1_127' title='bbox 1269 2592 1320 2658; x_wconf 90' lang='grc'><strong>14.</strong></span> <span class='ocrx_word' id='word_1_128' title='bbox 1346 2592 1398 2657; x_wconf 82' lang='lat'><strong>15.</strong></span> 
     </span>
    </p>
   </div>
   <div class='ocr_carea' id='block_1_7' title="bbox 261 2720 1134 2935">
    <p class='ocr_par' dir='ltr' id='par_1_10' title="bbox 261 2720 1134 2935">
     <span class='ocr_line' id='line_1_19' title="bbox 261 2720 524 2787; baseline 0.011 -3"><span class='ocrx_word' id='word_1_129' title='bbox 261 2720 311 2785; x_wconf 92' lang='lat'><strong>17.</strong></span> <span class='ocrx_word' id='word_1_130' title='bbox 330 2721 381 2786; x_wconf 88' lang='lat'><strong>18.</strong></span> <span class='ocrx_word' id='word_1_131' title='bbox 403 2722 456 2787; x_wconf 85' lang='lat'><strong>36.</strong></span> <span class='ocrx_word' id='word_1_132' title='bbox 471 2723 524 2787; x_wconf 88' lang='grc'><strong>37.</strong></span> 
     </span>
     <span class='ocr_line' id='line_1_20' title="bbox 346 2847 1134 2935; baseline 0.005 -25"><span class='ocrx_word' id='word_1_133' title='bbox 346 2847 411 2912; x_wconf 90' lang='lat' dir='ltr'><strong>XI.</strong></span> <span class='ocrx_word' id='word_1_134' title='bbox 436 2847 563 2916; x_wconf 84' lang='lat' dir='ltr'><strong>Valent</strong></span> <span class='ocrx_word' id='word_1_135' title='bbox 582 2871 640 2913; x_wconf 85' lang='lat' dir='ltr'><strong>sex</strong></span> <span class='ocrx_word' id='word_1_136' title='bbox 658 2848 791 2935; x_wconf 87' lang='lat' dir='ltr'><strong>primae</strong></span> <span class='ocrx_word' id='word_1_137' title='bbox 809 2848 1014 2915; x_wconf 82' lang='lat' dir='ltr'><strong>duodecimi.</strong></span> <span class='ocrx_word' id='word_1_138' title='bbox 1131 2868 1134 2872; x_wconf 85' lang='grc'>’</span> 
     </span>
    </p>
   </div>
   <div class='ocr_carea' id='block_1_8' title="bbox 190 3235 1519 3319">
    <p class='ocr_par' dir='ltr' id='par_1_11' title="bbox 190 3235 1519 3319">
     <span class='ocr_line' id='line_1_21' title="bbox 190 3235 1519 3319; baseline 0.003 -3"><span class='ocrx_word' id='word_1_139' title='bbox 190 3254 235 3318; x_wconf 79' lang='grc'><strong>20</strong></span> <span class='ocrx_word' id='word_1_140' title='bbox 513 3235 896 3314; x_wconf 77' lang='lat' dir='ltr'><strong>THEOREMATA</strong></span> <span class='ocrx_word' id='word_1_141' title='bbox 924 3238 1147 3317; x_wconf 86' lang='lat' dir='ltr'><strong>ANGVLI.</strong></span> <span class='ocrx_word' id='word_1_142' title='bbox 1422 3253 1519 3319; x_wconf 66' lang='lat' dir='ltr'><strong>as*</strong></span> 
     </span>
    </p>
   </div>
   <div class='ocr_carea' id='block_1_9' title="bbox 259 3547 1402 3764">
    <p class='ocr_par' dir='ltr' id='par_1_12' title="bbox 259 3547 1402 3764">
     <span class='ocr_line' id='line_1_22' title="bbox 348 3547 1402 3643; baseline 0.008 -29"><span class='ocrx_word' id='word_1_143' title='bbox 348 3548 375 3615; x_wconf 91' lang='lat' dir='ltr'><strong>I.</strong></span> <span class='ocrx_word' id='word_1_144' title='bbox 399 3547 531 3635; x_wconf 85' lang='lat' dir='ltr'><strong>Anguli</strong></span> <span class='ocrx_word' id='word_1_145' title='bbox 551 3572 668 3616; x_wconf 87' lang='lat' dir='ltr'><strong>omnes</strong></span> <span class='ocrx_word' id='word_1_146' title='bbox 686 3551 772 3617; x_wconf 88' lang='lat' dir='ltr'><strong>recti</strong></span> <span class='ocrx_word' id='word_1_147' title='bbox 792 3558 873 3618; x_wconf 86' lang='lat' dir='ltr'><strong>sunt</strong></span> <span class='ocrx_word' id='word_1_148' title='bbox 885 3554 1057 3640; x_wconf 86' lang='lat' dir='ltr'><strong>aequales,</strong></span> <span class='ocrx_word' id='word_1_149' title='bbox 1077 3554 1206 3643; x_wconf 89' lang='lat' dir='ltr'><strong>ubique</strong></span> <span class='ocrx_word' id='word_1_150' title='bbox 1220 3556 1258 3622; x_wconf 94' lang='lat' dir='ltr'><strong>in</strong></span> <span class='ocrx_word' id='word_1_151' title='bbox 1273 3556 1402 3622; x_wconf 87' lang='lat' dir='ltr'><strong>rectili-</strong></span> 
     </span>
     <span class='ocr_line' id='line_1_23' title="bbox 259 3675 1186 3764; baseline 0.008 -24"><span class='ocrx_word' id='word_1_152' title='bbox 259 3675 347 3760; x_wconf 89' lang='lat' dir='ltr'><strong>neis,</strong></span> <span class='ocrx_word' id='word_1_153' title='bbox 361 3676 398 3740; x_wconf 88' lang='lat' dir='ltr'><strong>in</strong></span> <span class='ocrx_word' id='word_1_154' title='bbox 415 3676 552 3743; x_wconf 86' lang='lat' dir='ltr'><strong>circulis</strong></span> <span class='ocrx_word' id='word_1_155' title='bbox 570 3699 652 3743; x_wconf 84' lang='lat' dir='ltr'><strong>vero</strong></span> <span class='ocrx_word' id='word_1_156' title='bbox 672 3679 873 3764; x_wconf 81' lang='lat' dir='ltr'><strong>aequalibus</strong></span> <span class='ocrx_word' id='word_1_157' title='bbox 891 3688 926 3746; x_wconf 85' lang='lat' dir='ltr'><strong>et</strong></span> <span class='ocrx_word' id='word_1_158' title='bbox 945 3680 1064 3748; x_wconf 84' lang='lat' dir='ltr'><strong>eodem</strong></span> <span class='ocrx_word' id='word_1_159' title='bbox 1083 3681 1186 3749; x_wconf 88' lang='lat' dir='ltr'><strong>valet.</strong></span> 
     </span>
    </p>
   </div>
   <div class='ocr_carea' id='block_1_10' title="bbox 259 3803 1402 4014">
    <p class='ocr_par' dir='ltr' id='par_1_13' title="bbox 259 3803 1402 4014">
     <span class='ocr_line' id='line_1_24' title="bbox 348 3803 1402 3897; baseline 0.011 -29"><span class='ocrx_word' id='word_1_160' title='bbox 348 3804 394 3869; x_wconf 93' lang='grc' dir='ltr'><strong>Π.</strong></span> <span class='ocrx_word' id='word_1_161' title='bbox 430 3803 562 3890; x_wconf 82' lang='lat' dir='ltr'><strong>Anguli</strong></span> <span class='ocrx_word' id='word_1_162' title='bbox 601 3807 772 3891; x_wconf 69' lang='lat' dir='ltr'><strong>aequalem,</strong></span> <span class='ocrx_word' id='word_1_163' title='bbox 811 3807 873 3874; x_wconf 90' lang='lat' dir='ltr'><strong>ubi</strong></span> <span class='ocrx_word' id='word_1_164' title='bbox 906 3807 1015 3875; x_wconf 89' lang='lat' dir='ltr'><strong>latera</strong></span> <span class='ocrx_word' id='word_1_165' title='bbox 1055 3810 1329 3897; x_wconf 87' lang='lat' dir='ltr'><strong>proportionalia</strong></span> <span class='ocrx_word' id='word_1_166' title='bbox 1366 3820 1402 3880; x_wconf 86' lang='lat' dir='ltr'><strong>et</strong></span> 
     </span>
     <span class='ocr_line' id='line_1_25' title="bbox 259 3930 821 4014; baseline 0.011 -21"><span class='ocrx_word' id='word_1_167' title='bbox 259 3930 417 4014; x_wconf 81' lang='lat' dir='ltr'><strong>aequalia</strong></span> <span class='ocrx_word' id='word_1_168' title='bbox 436 3935 504 3995; x_wconf 89' lang='lat' dir='ltr'><strong>cte</strong></span> <span class='ocrx_word' id='word_1_169' title='bbox 524 3936 653 3997; x_wconf 89' lang='lat' dir='ltr'><strong>contra.</strong></span> <span class='ocrx_word' id='word_1_170' title='bbox 673 3930 771 3997; x_wconf 83' lang='lat' dir='ltr'><strong>Sexti</strong></span> <span class='ocrx_word' id='word_1_171' title='bbox 790 3934 821 3999; x_wconf 79' lang='grc' dir='ltr'><strong>ὃ.</strong></span> 
     </span>
    </p>
   </div>
   <div class='ocr_carea' id='block_1_11' title="bbox 193 4055 1402 4271">
    <p class='ocr_par' dir='ltr' id='par_1_14' title="bbox 193 4055 1402 4271">
     <span class='ocr_line' id='line_1_26' title="bbox 193 4055 1402 4133; baseline 0.015 -18"><span class='ocrx_word' id='word_1_172' title='bbox 193 4066 236 4127; x_wconf 76' lang='lat'><strong>‘25</strong></span> <span class='ocrx_word' id='word_1_173' title='bbox 348 4055 413 4121; x_wconf 91' lang='lat' dir='ltr'><strong>III.</strong></span> <span class='ocrx_word' id='word_1_174' title='bbox 437 4056 635 4123; x_wconf 83' lang='lat' dir='ltr'><strong>Probantur</strong></span> <span class='ocrx_word' id='word_1_175' title='bbox 662 4058 818 4124; x_wconf 88' lang='lat' dir='ltr'><strong>Euclidis</strong></span> <span class='ocrx_word' id='word_1_176' title='bbox 840 4059 937 4125; x_wconf 90' lang='lat' dir='ltr'><strong>tertii</strong></span> <span class='ocrx_word' id='word_1_177' title='bbox 961 4060 1013 4125; x_wconf 93' lang='grc'><strong>16.</strong></span> <span class='ocrx_word' id='word_1_178' title='bbox 1037 4060 1090 4125; x_wconf 89' lang='grc'><strong>20.</strong></span> <span class='ocrx_word' id='word_1_179' title='bbox 1114 4062 1168 4125; x_wconf 92' lang='grc'><strong>21.</strong></span> <span class='ocrx_word' id='word_1_180' title='bbox 1192 4063 1245 4128; x_wconf 89' lang='grc'><strong>22.</strong></span> <span class='ocrx_word' id='word_1_181' title='bbox 1270 4064 1322 4130; x_wconf 87' lang='grc'><strong>26.</strong></span> <span class='ocrx_word' id='word_1_182' title='bbox 1346 4067 1402 4133; x_wconf 92' lang='grc'><strong>27.</strong></span> 
     </span>
     <span class='ocr_line' id='line_1_27' title="bbox 260 4186 456 4271; baseline 0.01 -22"><span class='ocrx_word' id='word_1_183' title='bbox 260 4186 312 4249; x_wconf 89' lang='grc'><strong>31.</strong></span> <span class='ocrx_word' id='word_1_184' title='bbox 333 4186 385 4250; x_wconf 82' lang='grc'><strong>32.</strong></span> <span class='ocrx_word' id='word_1_185' title='bbox 404 4208 456 4271; x_wconf 89' lang='lat' dir='ltr'><strong>pr.</strong></span> 
     </span>
    </p>
   </div>
   <div class='ocr_carea' id='block_1_12' title="bbox 349 4314 1324 4407">
    <p class='ocr_par' dir='ltr' id='par_1_15' title="bbox 349 4314 1324 4407">
     <span class='ocr_line' id='line_1_28' title="bbox 349 4314 1324 4407; baseline 0.009 -31"><span class='ocrx_word' id='word_1_186' title='bbox 349 4314 407 4379; x_wconf 91' lang='lat' dir='ltr'><strong>lV.</strong></span> <span class='ocrx_word' id='word_1_187' title='bbox 431 4314 626 4380; x_wconf 76' lang='lat' dir='ltr'><strong>probamur</strong></span> <span class='ocrx_word' id='word_1_188' title='bbox 645 4315 820 4381; x_wconf 85' lang='lat' dir='ltr'><strong>undecimi</strong></span> <span class='ocrx_word' id='word_1_189' title='bbox 839 4318 893 4383; x_wconf 91' lang='grc'><strong>20.</strong></span> <span class='ocrx_word' id='word_1_190' title='bbox 911 4318 965 4382; x_wconf 93' lang='grc'><strong>21.</strong></span> <span class='ocrx_word' id='word_1_191' title='bbox 984 4318 1038 4382; x_wconf 93' lang='grc'><strong>22.</strong></span> <span class='ocrx_word' id='word_1_192' title='bbox 1057 4317 1110 4381; x_wconf 90' lang='grc'><strong>23.</strong></span> <span class='ocrx_word' id='word_1_193' title='bbox 1127 4318 1180 4381; x_wconf 87' lang='grc'><strong>26.</strong></span> <span class='ocrx_word' id='word_1_194' title='bbox 1200 4320 1254 4384; x_wconf 73' lang='grc'><strong>35.</strong></span> <span class='ocrx_word' id='word_1_195' title='bbox 1271 4342 1324 4407; x_wconf 93' lang='lat' dir='ltr'><strong>pr.</strong></span> 
     </span>
    </p>
   </div>
   <div class='ocr_carea' id='block_1_13' title="bbox 0 0 1718 5138">
    <p class='ocr_par' dir='ltr' id='par_1_16' title="bbox 0 0 1718 5138">
     <span class='ocr_line' id='line_1_29' title="bbox 0 0 1718 5138; baseline 0 0"><span class='ocrx_word' id='word_1_196' title='bbox 0 0 1718 5138; x_wconf 95' lang='lat' dir='ltr'><strong> </strong></span> 
     </span>
    </p>
   </div>
  </div>
 </body>
</html>
