3428 5138
266 427 327 487 220
565 435 828 487 1oannn1nuvn1
850 436 894 482 un
915 432 1052 498 strumo,
1075 432 1109 481 11.

267 596 456 673 contrahant,
469 595 651 673 tandemque
666 594 705 656 <le
719 594 1006 674 parallelogramma
1018 592 1219 670 qualdratum
1231 592 1362 665 faciant;
1379 599 1413 653 et
1439 598 1484 660 P·
1503 582 1575 647 83

265 733 322 774 nos
336 713 367 772 in
382 713 460 773 libro
477 713 530 774 De
554 712 754 792 principiis
776 729 966 773 mensurae
993 718 1029 769 et
1052 707 1197 788 figurae
1212 707 1415 769 conformiter

267 830 455 907 notavimus,
483 837 518 891 ut
535 850 655 890 omnem
681 830 810 909 figuram
831 828 863 888 iu
884 827 1069 906 triangulum
1090 827 1244 906 resolvas,
1262 833 1298 887 ut
1322 826 1415 887 multi

266 946 427 1025 trianguli,
449 946 554 1007 circuli
582 955 614 1008 et
641 965 846 1025 quaecumque
863 946 942 1006 aliae
959 945 1076 1023 figurae
1092 943 1124 1004 iu
1141 964 1233 1005 uuum
1250 943 1415 1022 circulum,

223 1064 243 1127 5
268 1065 453 1143 triangulum
468 1074 499 1127 et
511 1086 729 1143 quamcumque
740 1064 832 1126 aliam
844 1064 973 1142 figuram
985 1063 1169 1139 coalescant,
1180 1061 1326 1141 pleraque
1336 1060 1414 1122 item

267 1182 328 1243 alia
345 1203 412 1244 cum
426 1184 512 1262 vulgi
529 1184 581 1245 via
598 1192 689 1262 atque
708 1181 928 1244 consuetudine
946 1180 1097 1260 ponimus,
1114 1198 1189 1256 quae
1207 1158 1414 1258 positionibus

268 1301 337 1362 istis
355 1302 507 1364 obsistere
525 1301 676 1363 videntur.
695 1300 756 1362 Sed
778 1321 814 1362 ea
829 1302 929 1362 omnia
939 1298 1156 1361 mathematice
1172 1307 1263 1376 atque
1277 1317 1414 1378 percom-

266 1418 357 1479 mode
372 1418 545 1480 adsensum
557 1419 623 1479 fieri
638 1419 840 1497 concedimus
852 1417 892 1478 ad
902 1418 1050 1478 rationem
1064 1436 1136 1478 voro
1148 1423 1277 1477 naturae
1288 1413 1413 1476 minime

266 1555 416 1611 umquam.
437 1536 525 1608 Quod
543 1537 656 1615 quippe
670 1536 813 1614 passibus
830 1536 935 1595 multis
945 1534 1220 1595 transmutationes
1229 1533 1302 1593 illae
1318 1539 1413 1609 atque

201 1652 243 1717 10
265 1652 462 1715 reductiones
477 1655 642 1731 absistant,
663 1674 701 1715 ex
721 1654 760 1714 iis
781 1672 859 1732 quae
881 1655 998 1714 centies
1018 1654 1214 1730 adduximus,
1231 1653 1343 1713 millies
1360 1672 1413 1732 po·

266 1770 340 1830 terit
357 1790 426 1832 esse
443 1771 650 1832 manifestum.
671 1770 759 1843 Quod
777 1790 851 1832 vero
868 1770 910 1831 sit
927 1771 1085 1831 commode
1101 1769 1140 1831 ad
1159 1789 1294 1849 sensum,
1317 1790 1410 1831 eausa

265 1894 326 1964 est,
347 1886 418 1963 quia
435 1887 550 1964 figuras
570 1887 656 1967 ipsas
673 1886 856 1947 resolvendo
876 1892 967 1963 atque
992 1887 1204 1947 transmutando
1221 1887 1260 1946 ad
1281 1885 1411 1947 insensi-

264 2001 342 2061 biles
361 2022 413 2063 eas
435 2001 626 2064 differentias
646 2003 836 2077 accedimus,
858 2023 934 2080 quas
961 2023 1022 2062 nou
1044 2003 1113 2063 visu
1135 2002 1191 2064 sed
1214 2002 1334 2063 ratione
1356 2003 1408 2064 vel

264 2118 408 2197 analogia
433 2118 564 2196 quadam
597 2119 735 2199 apprime
757 2120 875 2197 valeas,
900 2126 935 2178 ut
955 2119 1159 2195 ostendimus,
1189 2119 1338 2198 accipere.
1366 2118 1406 2178 Iu

199 2235 239 2299 li)
263 2233 394 2313 partium
412 2235 525 2313 quippe
542 2235 675 2314 illarum,
691 2257 768 2313 quae
783 2237 909 2316 propius
923 2236 963 2296 ad
977 2236 1117 2296 minimas
1138 2236 1295 2311 accedunt,
1315 2235 1409 2296 iudis-

263 2351 410 2413 tinctione
432 2353 674 2430 magnitudinum
697 2355 775 2415 latet
800 2356 922 2415 illarum
946 2352 1130 2415 differentia.
1150 2355 1247 2414 Porro
1263 2354 1334 2415 illas
1351 2372 1408 2433 per

262 2479 366 2549 partes
382 2470 515 2531 minimis
532 2473 780 2553 proportionales
801 2473 832 2534 in
853 2475 904 2535 via
925 2486 1032 2535 nostra
1059 2496 1120 2535 nou
1147 2481 1196 2536 est
1222 2473 1347 2536 difficile
1368 2493 1407 2534 ex

262 2589 369 2666 primis
387 2598 477 2667 atque
495 2591 819 2653 indemonstrabilibus
837 2601 870 2653 et
885 2592 1107 2673 propriissimis
1123 2593 1310 2654 ratiocinari.

342 2714 359 2761 l
379 2707 427 2766 89.
448 2707 644 2786 Ineptissime
659 2707 811 2771 divisione
829 2709 965 2770 continui
981 2708 1012 2768 in
1024 2709 1176 2770 infinitum
1192 2684 1406 2787 quibusquan·

196 2825 240 2887 ‘20
264 2821 493 2899 tisquocumque
511 2823 649 2885 confictis
667 2825 807 2902 partibus
824 2845 859 2886 se
876 2827 914 2886 ab
933 2825 1072 2887 omnibus
1089 2825 1406 2904 augustiisextricari

264 2957 356 3015 posse
374 2939 562 3017 existimant,
585 2941 706 3017 quando
731 2943 822 3002 unius
850 2962 916 3002 cum
941 2942 1039 3003 altero
1068 2942 1284 3018 aequalitatem
1307 2949 1407 3002 osten-

263 3051 336 3114 dere
353 3054 470 3116 volenti
491 3075 650 3117 necessum
669 3066 717 3118 est
733 3078 752 3117 a
769 3057 894 3118 delinito
912 3056 1044 3135 quodam
1059 3056 1196 3134 minimo,
1211 3057 1293 3134 quod
1309 3057 1340 3116 in
1356 3077 1407 3134 ge·

262 3191 335 3232 nere
356 3173 407 3232 vel
425 3173 562 3233 subiecto
579 3173 632 3233 illo
651 3173 693 3233 sit
713 3194 866 3253 mensura,
886 3173 1146 3235 fundamentalem
1174 3173 1336 3234 desumere
1357 3193 1406 3232 ra·

260 3288 386 3365 tiorrcm,
400 3289 547 3367 quidquid
565 3289 603 3349 de
618 3291 759 3367 possibili
773 3291 824 3351 vel
838 3290 1022 3371 impossibili
1035 3290 1066 3350 in
1080 3289 1231 3350 infinitum
1249 3289 1406 3350 subiectae

193 3413 236 3475 25
259 3406 406 3465 materiae
423 3405 575 3467 divisione
588 3406 630 3467 sit
644 3406 877 3468 existimandum
886 3428 893 3484 3
911 3427 1001 3484 quam
1016 3406 1100 3467 nulla
1114 3406 1193 3467 ratio
1208 3425 1307 3483 neque
1324 3406 1404 3466 actio

259 3530 366 3582 nostra
383 3522 432 3582 vel
448 3530 574 3583 naturae
592 3524 794 3601 persequitur.
807 3523 896 3585 Stant
910 3545 994 3602 ergo,
1008 3523 1064 3585 sed
1079 3542 1229 3600 nusquam
1242 3542 1280 3583 ex
1295 3523 1404 3602 proba·

259 3636 300 3697 tis
314 3635 569 3715 evidentibusque
580 3639 747 3718 principiis,
758 3640 831 3700 illae
843 3639 1122 3716 transmutationes,
1135 3658 1261 3715 quarum
1273 3639 1403 3700 assertio

259 3774 278 3812 a
296 3754 384 3813 nobis
400 3754 491 3814 etiarn
505 3776 559 3833 pro
576 3756 695 3834 vulgari
713 3756 910 3835 practicoque
927 3775 1021 3816 sensu
1032 3775 1100 3814 oum
1114 3753 1195 3815 inter
1211 3755 1404 3815 theoremata

258 3870 441 3949 collocatur,
461 3878 524 3931 tum
539 3891 595 3950 per
612 3872 809 3933 maximarum
827 3872 1022 3933 confirmatur
1038 3870 1259 3947 inductionem;
1289 3870 1403 3946 alioqui

191 3999 236 4062 30
258 3990 338 4049 euim
355 3990 511 4050 meliorem
530 3989 620 4049 aliam
645 3992 763 4069 praxim
787 3998 879 4067 atque
900 3988 1051 4051 rationem
1072 3975 1111 4048 ad
1130 4008 1197 4050 earn
1215 3988 1403 4049 commodius

258 4105 429 4166 ordinatam
450 4127 510 4165 non
527 4106 613 4167 licuit
630 4107 768 4186 adipisci.
787 4105 857 4167 Stat
881 4126 955 4184 ergo
977 4104 1060 4183 quod
1080 4105 1110 4166 in
1133 4124 1170 4166 ea
1183 4103 1402 4184 principiorum

257 4221 449 4282 ordinatione
463 4230 494 4284 et
508 4223 713 4302 applicatione
731 4223 806 4284 talia
819 4232 883 4285 turn
899 4221 1064 4301 operando,
1079 4229 1143 4282 tum
1154 4241 1192 4281 ex
1203 4220 1402 4282 sensibilibus

256 4335 494 4400 demonstrando
512 4347 720 4419 praestentur,
742 4340 882 4416 qualibus
902 4339 1024 4417 quidem
1040 4338 1140 4399 miuus
1157 4357 1283 4416 eamque
1301 4345 1402 4400 estex

1028 4440 1290 4452 -----.--ι.-.-.Δ
1306 4445 1390 4453 —-

299 4443 306 4447 ι
350 4474 381 4522 tlt
391 4447 470 4534 sorec
482 4489 542 4524 uam
558 4448 656 4540 quna—
