3428 5138
532 464 847 512 conunurnumouns
869 465 913 510 ux
935 465 1069 513 nunno.
1311 451 1366 511 221

225 627 314 698 parte
338 620 377 679 ad
400 620 520 680 oculum
536 621 715 682 insultantis
732 621 961 697 incusantisque
982 621 1130 682 materiae
1158 621 1369 701 deceptionem

225 737 427 816 incurramus,
440 738 563 799 minime
580 758 653 799 vero
668 747 704 798 ut
717 738 889 799 absolutam
904 739 1037 817 propriis
1051 740 1214 801 veritatem
1225 740 1369 820 numeris,

226 854 305 915 sicut
331 854 361 913 in
387 854 472 915 hisce
494 854 772 933 speculationibus,
793 854 991 932 attingamus.
1017 855 1090 915 Alia
1112 855 1226 936 quippe
1248 856 1371 926 omuino

225 981 296 1033 sunt
313 973 429 1052 praxis,
447 972 508 1032 alia
527 971 793 1051 contemplationis
799 993 806 1050 ;
825 973 945 1034 ethaeo
962 973 1022 1033 alia
1044 973 1211 1034 secundnm
1227 984 1367 1055 naturas,

181 1083 202 1146 b
225 1089 285 1147 ulia
302 1089 468 1150 secundum
482 1095 607 1151 nostrae
628 1088 740 1151 mentis
757 1088 962 1151 conditionem
980 1090 1141 1169 principia.

672 1472 825 1539 CAPV'P
859 1473 925 1539 IX.

378 1668 464 1723 Corpus
476 1683 549 1722 noque
564 1671 641 1722 scipso
655 1681 728 1721 nequo
741 1672 806 1723 parta
821 1670 856 1711 sul
868 1674 963 1721 tangere
975 1679 1057 1722 corpus
1069 1670 1105 1711 vol
1116 1670 1218 1722 planum.

315 1898 506 1983 Vulgaturn
525 1883 629 1962 nimis
645 1902 698 1961 est
715 1901 755 1961 ut
774 1901 898 1981 tangat
917 1894 1067 1960 circulus
1083 1902 1187 1979 atque

227 2011 380 2100 Sphaera
395 2014 537 2099 globum
557 2019 592 2079 et
610 2012 745 2098 cyclum
764 2012 802 2076 in
821 2018 964 2099 punctu,
985 2011 1044 2076 sed
1060 2010 1292 2076 conditionem

160 2133 203 2196 10
224 2132 341 2216 Atque
357 2131 496 2197 moduni
515 2153 654 2218 prorsus
670 2153 740 2196 non
759 2130 948 2196 distinxere
966 2129 1136 2217 magistri.

224 2249 387 2315 Pluribus
404 2256 579 2316 ostensum
598 2255 649 2313 est
667 2247 783 2333 nobie,
802 2253 843 2312 ut
859 2247 1028 2313 terminus
1043 2248 1141 2335 ipsus

225 2365 438 2453 Simpliciter
456 2372 606 2452 punctus
625 2365 722 2431 nulla
741 2371 793 2430 est
811 2386 891 2451 pars
908 2386 971 2429 nec
985 2363 1080 2430 valet
1099 2386 1185 2447 esse3

227 2482 423 2560 Quamlibet
442 2487 477 2546 et
495 2481 679 2547 minimum
697 2488 896 2548 contactum
914 2480 1072 2568 pluribus
1091 2504 1164 2546 esse

225 2599 444 2687 Comperitur
461 2601 611 2688 punctis
631 2601 750 2686 Neque
770 2607 824 2666 sat
842 2605 919 2665 tuto
939 2599 1096 2686 inquiam
1115 2599 1229 2687 ipsum

162 2721 201 2783 li>
224 2717 380 2803 Attingi,
402 2719 498 2784 cuius
517 2742 598 2806 pars
614 2741 684 2784 non
701 2717 890 2804 attingitur
907 2717 986 2784 ulla.

225 2835 509 2921 Quandoquidem
528 2836 634 2901 facies
653 2835 713 2901 ubi
732 2835 1028 2921 circumplectitur
1043 2833 1156 2922 ample

224 2950 372 3036 Attiguo
390 2950 472 3015 hinc
488 2951 631 3016 minime
650 2950 744 3016 dicas
764 2950 959 3037 contingier
976 2952 1089 3038 ipsum

224 3069 291 3132 Par
307 3074 448 3133 cunctas
468 3074 579 3132 totum
598 3067 741 3154 partein,
762 3067 847 3152 quin
863 3066 933 3132 imo
952 3090 1016 3133 nec
1034 3089 1154 3151 unam,

224 3182 363 3248 Extima
380 3182 409 3247 si
425 3182 531 3247 facies
550 3204 621 3248 non
640 3183 711 3249 ulla
731 3190 783 3248 est
802 3206 891 3270 pars.
911 3183 1031 3270 Neque
1049 3182 1160 3248 mixta

156 3299 201 3363 20
224 3299 310 3365 Cum
330 3301 489 3385 veniunt,
511 3308 704 3386 coeuntque
720 3300 797 3366 istis
817 3325 894 3368 curn
913 3302 1072 3389 partibus
1085 3301 1178 3384 illue,

224 3416 281 3481 Sic
300 3440 379 3504 pars
399 3417 545 3504 attingit
564 3425 698 3505 partem
718 3440 789 3484 non
804 3425 917 3507 parta,
937 3419 996 3485 sod
1013 3440 1094 3500 uno,

223 3534 385 3599 Pluribus
405 3542 465 3599 aut
484 3536 623 3622 punctis
642 3535 759 3619 facici,
779 3558 867 3621 quae
886 3558 996 3620 nequa
1013 3557 1093 3623 pars
1113 3541 1173 3600 est.

223 3651 316 3735 Ergo
338 3651 366 3714 si
386 3658 521 3738 partem
540 3675 621 3739 pars
639 3651 769 3738 tangit,
790 3674 851 3717 ceu
871 3673 1007 3737 quoque
1026 3658 1140 3716 toturn

223 3766 410 3852 Attiguunr
428 3768 494 3833 toti
512 3773 577 3852 ost,
599 3791 676 3833 curn
696 3776 887 3834 extremum
905 3767 1065 3854 tangitur
1083 3767 1156 3832 eius

157 3879 200 3942 ‘25
223 3882 336 3946 Huius
356 3882 399 3947 ab
419 3889 581 3949 extremo.
601 3883 731 3949 Vcrurn
749 3905 819 3950 non
838 3882 997 3969 tangitur
1017 3883 1143 3970 ipsum,

223 4001 272 4066 nt
291 4000 454 4085 quiddam
474 4001 596 4088 ipsura,
613 4024 724 4088 nequa
743 4024 823 4089 pars
842 4000 1045 4087 attingitur,
1065 3997 1165 4085 atqui

224 4118 405 4184 Torruinua
424 4119 480 4186 hic
499 4120 618 4207 partis.
639 4120 806 4198 Quocirca
826 4118 949 4184 mixtio
967 4117 1063 4183 nulla
1088 4123 1139 4183 est

223 4234 351 4319 Ullius,
371 4242 411 4299 ut
430 4242 565 4301 constat
584 4234 728 4323 reperiri
748 4256 891 4322 corpora
910 4233 1036 4322 prima,

224 4351 303 4418 Ulla
323 4373 410 4435 «praa
429 4374 498 4416 non
519 4360 599 4417 sunt
619 4351 779 4438 cuiquam
798 4349 990 4438 penetralia
1010 4355 1109 4415 sorte.

157 4469 201 4532 30
224 4467 308 4532 Para
321 4466 412 4554 potia
431 4475 482 4532 ost
501 4475 648 4555 purtem,
668 4474 749 4555 pote
768 4472 880 4533 totum
897 4466 1069 4553 attingere
1086 4473 1212 4551 toturn,
