3428 5138
192 393 251 450 326
503 401 642 446 1111111
661 399 764 446 sarm
784 400 830 443 ns
849 399 983 455 murno,
1006 398 1036 442 v.

192 560 354 644 Linquat.
376 557 443 623 Sed
461 557 544 622 dum
563 556 604 620 fit
622 554 715 620 basis
734 553 807 619 eius
827 553 946 637 secde,
967 577 1010 618 ne
1028 561 1063 619 te

193 676 354 763 Decipias
371 675 508 757 misere,
529 672 628 759 quasi
646 672 815 737 terminus
834 694 923 736 unus
940 678 975 736 et
993 671 1085 737 idem

194 792 363 859 Omnibus
383 793 425 857 iis
444 791 548 856 rect-is
567 789 685 854 veniat
705 788 875 855 discissus.
895 787 944 853 At
964 787 1051 854 illud

192 911 310 975 Monte
329 917 420 992 tono,
440 916 479 973 ut
498 906 643 973 totidem
662 906 797 972 vieibus
816 927 926 971 novus
946 906 1095 991 angulus
1114 904 1206 971 ultro

150 1027 170 1091 ὃ
194 1026 377 1113 Adsurgit,
397 1026 531 1111 quoties
550 1025 641 1089 inter
660 1046 751 1089 nova
769 1023 862 1089 linea
877 1023 968 1089 ieota
986 1029 1047 1088 est.

192 1144 295 1209 Nune
314 1142 483 1227 siquidem
502 1141 613 1228 partis
632 1141 722 1205 ratio
742 1147 793 1205 est
811 1162 831 1204 a
849 1139 1008 1226 pluribus
1028 1138 1146 1225 aequis

193 1261 356 1355 Partibus
375 1268 435 1325 aut
453 1258 578 1342 atomis
597 1264 658 1323 aut
673 1256 836 1340 fluxibus
857 1262 897 1322 nt
915 1257 1001 1322 libet
1019 1254 1113 1344 ipsos

195 1376 393 1462 Confingas‚
414 1383 448 1440 et
467 1375 558 1439 idem
576 1373 742 1439 nimirum
760 1379 909 1461 punctus
929 1372 973 1437 ab
993 1372 1115 1438 iisdem

195 1492 357 1558 Partibus
375 1491 465 1556 haud
486 1489 615 1577 poterit
633 1513 837 1574 rursumque
856 1490 1049 1575 iterumque
1068 1489 1205 1575 alioque

129 1607 172 1670 10
194 1609 310 1694 Atque
331 1608 398 1673 alio
417 1607 513 1672 fluxu
532 1613 740 1693 punctorum
761 1606 941 1691 attingier;
963 1606 1063 1690 et-si,

195 1725 244 1791 Ut
263 1724 379 1811 oupi0,
399 1723 582 1788 minimrun
600 1722 662 1787 fiat
681 1722 747 1787 tibi
766 1722 934 1787 terminus
954 1721 1054 1806 illud,

194 1840 356 1927 Amplius
374 1839 468 1904 haud
485 1838 615 1927 poterit
634 1845 749 1904 taetus
768 1838 926 1903 iterarier
945 1843 1056 1919 aetus;

196 1957 354 2042 Namque
373 1955 581 2041 attingentis
600 1962 749 2041 punctus
768 1961 907 2019 nonest
927 1954 1040 2020 minor
1058 1954 1134 2041 ipso

195 2073 351 2155 Attaet0;
371 2096 476 2160 quare
495 2072 553 2137 hio
571 2079 720 2159 punctus
740 2071 843 2136 semel
863 2071 952 2136 ictus
971 2070 1096 2155 obivit,

131 2196 172 2259 15
196 2191 378 2256 Terminus
397 2197 501 2275 atque
520 2189 646 2253 iterum
664 2211 734 2253 non
754 2194 805 2253 est
824 2187 916 2274 potis
935 2211 1008 2253 esse
1027 2187 1229 2272 iterumque.

196 2307 275 2373 Iuro
295 2305 403 2393 igitur
421 2327 610 2390 numquam
629 2303 789 2369 Euclides
807 2304 1003 2369 meminisse
1022 2310 1193 2391 repertus,

196 2422 358 2509 Angulus
377 2430 416 2487 ut
433 2422 562 2509 parteis
582 2421 619 2485 in
639 2422 765 2486 multas
784 2420 1024 2486 distribuatur.

196 2540 245 2605 At
264 2564 331 2606 uox
349 2540 457 2604 barda
477 2539 580 2603 nimis
600 2539 708 2603 multo
728 2538 842 2603 studio
862 2537 1104 2625 insipientum,
1312 2564 1340 2603 os

197 2655 264 2733 Qui
282 2655 474 2740 triquetris,
495 2655 619 2740 anglis,
640 2654 788 2737 chordis,
809 2655 958 2739 sinibus,
979 2655 1175 2740 tabulisque

129 2773 174 2836 20
195 2773 340 2837 Artibus
360 2794 524 2837 oceanum
544 2771 751 2835 invexerunt
771 2770 1012 2853 stultitiarum,
1337 2779 1379 2842 p·
1399 2765 1501 2830 186

198 2888 288 2966 Quas
307 2888 442 2953 nullum
460 2887 504 2952 ad
521 2887 625 2952 finem
644 2887 739 2952 nullo
759 2910 801 2951 ex
819 2887 1023 2953 fundamine
1042 2892 1217 2975 promunt.

277 3106 292 3154 1
314 3109 361 3167 32.
385 3107 428 3167 Ut
448 3107 578 3184 angulus
595 3107 675 3167 idern
693 3108 825 3167 Audin
842 3108 981 3185 geminas
995 3105 1161 3167 divisibilis
1178 3112 1283 3183 partes
1305 3112 1339 3164 et

194 3244 254 3284 non
266 3223 370 3301 plnres
382 3232 533 3300 occurrat,
550 3243 587 3283 ex
603 3232 725 3300 natura,
738 3224 844 3283 ordine
859 3232 890 3283 et
904 3224 1056 3302 positione
1071 3222 1262 3282 minimorum
1279 3241 1338 3280 ma·

195 3341 375 3419 nitestatnr5
393 3343 433 3402 ad
451 3362 541 3401 uuum
559 3343 671 3420 quippe
688 3349 833 3421 punctum
844 3362 904 3401 non
916 3343 1019 3421 plures
1037 3363 1126 3418 quam
1143 3342 1222 3401 duae
1238 3341 1338 3402 lineae

130 3459 173 3522 ‘25
197 3466 326 3537 possunt
343 3460 380 3518 ab
399 3480 457 3519 una
481 3459 547 3519 basi
565 3459 703 3519 subiecta
719 3459 891 3536 terminari,
910 3460 990 3518 sieut
1009 3478 1107 3535 nequo
1125 3458 1229 3536 plures
1247 3477 1336 3533 quam

196 3574 274 3633 duae
291 3584 393 3635 rectae
410 3575 537 3654 produci
553 3575 697 3650 aequales
718 3582 749 3634 ot
766 3595 825 3634 non
843 3575 947 3654 plures
964 3596 1053 3652 quam
1069 3596 1129 3634 uua
1146 3575 1338 3635 brevissima.

196 3690 283 3750 Idem
303 3710 422 3767 quoque
439 3700 570 3769 punctus
588 3712 677 3766 quam
702 3711 762 3750 non
780 3692 821 3750 sit
842 3691 880 3749 ab
902 3712 962 3751 uua
980 3693 1179 3768 omnibusque
1197 3691 1337 3768 partibus

197 3815 397 3883 quotcumque
408 3806 497 3867 lineis
509 3807 706 3885 attingibilis,
716 3828 777 3867 nou
788 3828 847 3868 uno
856 3853 863 3884 ‚
880 3807 936 3869 sed
951 3809 1111 3887 multiplici
1127 3808 1336 3886 expressimus

198 3923 356 4002 principie.

291 4178 321 4227 21
339 4176 434 4244 quam]
450 4193 507 4242 qua
