3428 5138
251 407 310 464 318
555 417 691 462 ieanaru
713 417 814 461 aavm
835 417 880 460 un
898 416 1033 479 ursino,
1056 416 1085 460 v.

251 574 397 645 Finibus
417 596 437 639 e
455 573 599 658 reliquis
618 573 764 639 veniunt
782 572 981 645 discrimine
1000 572 1102 639 binis,

252 690 418 776 Quodque
437 690 600 755 Berastec
619 695 654 754 et
672 688 785 754 medio
804 688 1013 754 monstrabis
1031 688 1196 771 HericliS,

252 807 297 870 Et
316 805 571 871 confirmabunt
590 804 731 891 Pyladis
751 827 938 890 sensusque
957 804 1109 869 Periclis.

331 1085 372 1144 Et
390 1083 509 1143 Euclidi
527 1082 698 1158 triangulus
719 1081 924 1159 aequilaterus
945 1082 1100 1142 radiorum
1121 1080 1258 1142 eiusdem
1282 1081 1397 1141 circuli

208 1190 228 1252 5
252 1201 436 1278 aequalitate
454 1200 669 1278 comprobatur
685 1198 753 1258 luce
770 1197 860 1276 primi
877 1199 975 1259 nestri
992 1198 1153 1259 axiomatis
1171 1197 1302 1258 adiecta.

699 1673 852 1739 CAPVT
888 1673 951 1737 ΙΠ.

745 1945 906 1989 ΕΒΕΟΤΟΒ.

471 2137 584 2187 ΛιιςιιΙιιω
599 2140 683 2176 rectum
699 2136 722 2175 in
736 2145 877 2186 quocumque
892 2136 945 2175 dato
959 2138 1042 2186 puncto
1057 2135 1179 2175 constituo.

344 2383 417 2448 lam
437 2402 519 2446 vero
538 2387 577 2445 ut
596 2385 708 2444 rectus
728 2376 962 2463 formeturque
981 2377 1129 2463 angulus
1148 2382 1229 2463 apte

191 2498 233 2562 10
257 2498 419 2575 Quolibet
435 2520 454 2561 a
473 2504 615 2584 punctu,
636 2496 701 2561 siet
720 2496 757 2560 in
777 2494 962 2560 curvedine
978 2494 1058 2580 gyri

255 2612 409 2689 Quilibet
427 2612 484 2677 hic
502 2621 651 2699 punctus
670 2611 800 2697 gemini
818 2611 877 2695 qui
896 2609 939 2675 all
959 2609 1109 2675 carrlinis
1129 2631 1188 2675 ore

254 2728 340 2793 lude
358 2727 457 2812 fluat,
475 2728 571 2812 queis
589 2727 629 2792 fit
649 2727 853 2813 contingens
872 2726 1039 2792 dimetrus
1059 2727 1186 2792 orbem.

255 2845 427 2909 Monstrat
446 2844 482 2908 id
501 2844 538 2908 in
557 2844 701 2910 Veneris
720 2844 849 2930 templo
869 2842 986 2909 Timor
1005 2850 1108 2928 atquc
1128 2841 1289 2927 Querela,
1384 2868 1397 2905 a

258 2961 410 3037 (lucrinn
430 2959 620 3025 cummunis
638 2961 696 3025 via
715 2959 883 3046 templum
902 2961 1030 3025 scindit
1054 2960 1091 3024 in
1110 2981 1238 3044 aequas

191 3074 232 3137 15
257 3077 438 3143 Sacratum
458 3078 558 3142 (lirae
576 3090 706 3164 partes,
727 3100 814 3162 quae
833 3101 853 3142 a
873 3077 1012 3143 cardine
1031 3077 1114 3142 binc

256 3195 410 3280 Anglum
431 3195 631 3281 concipiunt
650 3202 781 3259 rectum
800 3194 841 3258 de
861 3193 1009 3260 fontibu'
1029 3193 1143 3277 Pacis,

257 3311 321 3375 Cui
341 3311 489 3376 similem
508 3311 651 3398 praebet
669 3311 869 3398 Trepidutic
888 3317 922 3375 at
942 3310 1053 3376 enanis
1072 3310 1109 3374 iu
1129 3332 1210 3375 arcu

257 3428 424 3511 Punctus,
446 3451 546 3514 quem
566 3428 668 3493 simul
688 3428 864 3513 attingant
884 3451 1019 3493 sursum
1038 3435 1142 3513 atque
1161 3426 1328 3493 deorsum.
1375 3459 1400 3496 ιο

259 3544 424 3610 Rauclius
442 3544 507 3609 hcc
524 3550 637 3610 totum
654 3544 806 3610 breviter
824 3544 939 3610 finivit
959 3550 994 3607 ct
1013 3553 1104 3631 apte.

191 3832 236 3897 ‘20
338 3827 382 3888 Ut
401 3828 545 3905 angulum
560 3836 676 3887 rectum
691 3825 723 3886 in
737 3844 915 3903 quocunque
930 3824 1002 3886 ‹luto
1018 3834 1130 3905 puncto
1146 3826 1312 3903 constituo,
1329 3825 1400 3903 qnia

260 3949 314 4008 fiat
333 3947 480 4007 terminus
496 3945 642 4023 trianguli
656 3943 834 4022 aequilateri
852 3946 882 4004 in
901 3944 1013 4003 circulo
1033 3945 1126 4023 (quod
1145 3952 1304 4024 praestare
1320 3945 1401 4005 inter

261 4062 406 4123 facillima
423 4062 628 4140 computatur)
645 4060 798 4139 inscripti;
817 4062 910 4122 sicet
928 4061 1073 4121 circulum
1093 4061 1205 4122 lineam
1226 4061 1402 4139 contingen·

259 4188 321 4239 tem
339 4177 456 4254 efficio,
477 4177 523 4237 sic
547 4184 578 4237 ct
595 4176 781 4253 triangulum
803 4176 1063 4256 circumscriptum
1086 4178 1230 4255 primaria
1249 4176 1400 4238 facilitate

259 4319 388 4378 repono,
407 4298 452 4358 sic
469 4297 530 4356 alia
546 4315 623 4373 quae
638 4315 675 4355 ex
689 4295 764 4356 iisce
778 4295 828 4356 vel
846 4305 1073 4374 consequuntur
1093 4296 1140 4355 val
1157 4296 1196 4356 ud
1211 4296 1318 4356 horum
1333 4317 1400 4357 ucr-

193 4417 237 4479 ‘25
260 4439 339 4477 marn
357 4415 424 4477 fieri
441 4413 548 4475 volunt
566 4412 751 4489 exequimur.

1405 2383 1551 2463 p.1'?8
