3428 5138
542 449 857 497 counnnrrnanronns
878 450 921 493 nr
941 449 1070 496 ummo
1320 435 1378 494 193

232 609 445 682 cernebantur,
468 626 545 683 qnae
563 627 643 667 nuno
664 606 757 667 etiam
785 605 953 667 clanculum
979 611 1102 684 patrata
1131 612 1285 680 tamquam
1312 623 1379 664 exe·

232 729 346 788 oranda
362 728 598 808 turpissimaque
623 725 761 788 facinora
777 733 932 802 taxantur,
955 730 987 784 et
1008 723 1083 784 talia
1108 723 1248 784 nimirum
1267 744 1307 784 ex
1327 723 1378 784 via

232 847 335 924 legum
356 855 388 906 et
408 844 581 926 praesentis
599 845 772 905 conditione
794 849 895 905 status
915 848 986 904 sunt
1007 842 1156 902 habenda.
1175 841 1377 920 Philosophia

233 984 322 1042 ver0,
341 972 376 1024 ut
393 963 501 1025 didicit
517 984 535 1022 a
553 962 791 1042 particularibus
808 962 988 1022 abstrahere
1014 968 1046 1022 et
1065 981 1167 1022 rerum
1184 968 1325 1021 naturam
1346 966 1378 1020 et

187 1078 208 1143 5
232 1082 436 1143 conditionem
454 1081 492 1142 ad
511 1080 699 1159 absolutum,
717 1087 863 1159 quantum
884 1080 1032 1160 possibile
1055 1086 1115 1158 est,
1135 1078 1286 1140 deducere
1304 1076 1379 1137 iudi-

231 1201 323 1277 cium,
343 1199 432 1260 aliter
453 1200 528 1261 utile
547 1207 579 1261 et
595 1201 707 1260 bonum
726 1198 918 1278 simpliciter,
944 1198 1034 1258 aliter
1053 1197 1130 1258 utile
1151 1206 1183 1258 et
1209 1198 1320 1257 bonum
1337 1195 1377 1256 ad

231 1317 365 1397 speciem
382 1317 544 1376 humanam
563 1323 753 1377 contractum
769 1315 896 1377 definiat
912 1314 1136 1396 oportet.1nde
1155 1323 1187 1376 et
1203 1316 1235 1375 iu
1251 1334 1376 1376 numero

230 1433 482 1513 philosophorum
500 1433 573 1494 licet
584 1453 638 1494 eos
648 1432 753 1494 videro
766 1441 797 1495 et
807 1432 922 1512 audire,
936 1433 987 1510 qui
998 1433 1056 1493 hoc
1067 1432 1216 1512 principio
1228 1452 1263 1493 eo
1275 1431 1377 1492 adacti

230 1556 310 1628 sunt,
324 1556 359 1609 ut
371 1548 447 1609 nihil
464 1550 607 1610 absolute
622 1550 742 1627 bonum,
761 1549 837 1608 nihil
851 1550 992 1610 absolute
1005 1569 1113 1611 verum
1126 1549 1158 1608 in
1175 1554 1284 1608 natura
1295 1566 1376 1607 com-

165 1669 207 1735 10
230 1666 439 1746 prehendere,
458 1666 513 1727 sed
532 1666 559 1728 si
580 1665 661 1743 quod
683 1665 737 1726 fiet
755 1665 944 1744 huiusmodi,
962 1665 994 1725 id
1011 1666 1112 1745 ipsum
1127 1686 1220 1745 supra
1235 1673 1266 1726 ot
1288 1672 1375 1725 extra

229 1791 367 1842 naturam
386 1802 455 1844 osse
468 1782 717 1862 perquirendum3
733 1783 784 1842 alii
799 1781 946 1861 quidquid
961 1782 1074 1844 dicitur
1088 1791 1119 1843 et
1136 1781 1377 1843 contradictoria

229 1899 296 1977 ipsa
319 1919 388 1960 esse
412 1920 488 1962 vera
509 1901 717 1979 protulerunt3
740 1901 795 1960 alii
819 1899 927 1961 eodem
953 1902 1044 1979 plane
1071 1899 1183 1960 iudicio
1211 1899 1286 1960 nihil
1305 1920 1375 1961 esse

229 2037 348 2094 verum,
370 2018 442 2095 quia
462 2018 585 2096 ingenio
608 2025 640 2078 et
667 2019 924 2097 contemplatione
946 2017 1093 2078 nolebant
1113 2025 1241 2078 naturae
1261 2017 1375 2078 limites

231 2135 420 2214 transgredi,
442 2144 472 2196 ot
488 2136 611 2196 interim
627 2145 767 2197 naturam
783 2137 882 2216 ipsam
899 2136 929 2196 in
946 2135 1088 2196 absoluta
1110 2135 1239 2213 quadam
1257 2136 1376 2197 unitate

164 2249 204 2313 15
228 2259 319 2328 atquo
335 2252 524 2331 proprietate
538 2254 831 2333 contemplabantur,
843 2271 921 2330 quae
933 2272 998 2312 cum
1010 2253 1041 2311 in
1054 2251 1290 2331 particularibus
1307 2272 1374 2313 con·

229 2370 397 2447 trarietate,
416 2378 481 2430 tum
497 2390 557 2430 uua
575 2369 706 2448 quadam
723 2370 834 2448 prima,
845 2378 910 2429 tum
925 2369 1080 2448 plerisque
1101 2369 1171 2430 aliis
1190 2390 1373 2446 consequeu-

232 2488 315 2548 uuus
333 2470 531 2549 diffundatur.
549 2489 610 2548 1³10
626 2486 715 2548 unu
732 2487 781 2548 ms
798 2486 919 2565 quidem
938 2487 1023 2548 iacun
1045 2489 1096 2567 (ex
1113 2487 1171 2548 hoc
1193 2487 1275 2565 quor
1297 2488 1374 2547 nun

229 2614 277 2667 est
295 2606 375 2682 quod
393 2607 482 2666 alicui
501 2627 561 2666 non
579 2606 620 2667 sit
635 2607 748 2665 bonum
770 2611 801 2665 et
822 2605 983 2685 praesens)
1007 2605 1106 2666 omnia
1123 2605 1153 2664 in
1173 2625 1285 2682 genere
1302 2606 1374 2666 boni

230 2734 320 2802 utque
339 2725 403 2786 veri
422 2725 586 2803 collocare,
612 2733 643 2786 et
664 2725 780 2784 nullum
807 2732 1030 2803 consequenter
1060 2745 1183 2785 sensum
1209 2724 1289 2802 falti,
1310 2725 1374 2788 illis

162 2850 206 2913 ‘20
230 2853 331 2905 autem
351 2847 402 2924 (ex
417 2862 453 2904 eo
467 2845 538 2921 quia
549 2843 625 2903 nihil
636 2851 685 2905 est
698 2842 780 2920 quod
794 2843 883 2903 alicui
898 2843 1014 2905 nonsit
1028 2844 1141 2904 malum
1156 2851 1188 2904 et
1205 2844 1371 2925 occultum)

229 2962 330 3021 omnia
358 2961 395 3021 ad
427 2981 525 3040 genus
552 2960 623 3021 falsi
645 2969 677 3020 et
703 2959 946 3022 inconvenientis
971 2960 1135 3021 reserenda
1161 2963 1372 3024 censebantur.

228 3077 326 3138 Nobis
353 3098 427 3138 vero
453 3078 533 3136 ultra
562 3084 594 3137 et
620 3085 707 3136 extra
734 3077 925 3155 propositum
950 3095 1094 3137 sensuum
1122 3085 1153 3138 et
1181 3078 1369 3139 sensibilium

228 3216 288 3256 nou
305 3195 536 3273 egredientibus
560 3194 765 3255 deliniendum
782 3195 919 3272 videtur,
939 3196 1015 3255 nihil
1037 3216 1105 3256 esse
1132 3196 1273 3256 absolute
1290 3197 1371 3272 quod

228 3313 266 3372 ad
284 3334 373 3373 unam
390 3313 439 3373 rel
456 3313 583 3373 alteram
607 3313 858 3373 contradictionis
879 3320 999 3392 partem
1027 3313 1130 3375 verius
1148 3313 1318 3390 referatur,
1342 3320 1373 3373 et

161 3438 204 3501 25
228 3433 296 3494 ideo
320 3432 465 3493 sensibile
491 3432 575 3492 idem
602 3432 731 3493 eumad
758 3433 910 3492 contraria
935 3433 1074 3493 subiecta
1099 3440 1189 3510 atque
1218 3433 1372 3511 potentias

227 3549 379 3611 referatur
407 3550 589 3626 aequalitem
612 3549 688 3610 haec
715 3550 796 3609 onim
823 3568 900 3626 quae
930 3569 1021 3609 unum
1048 3563 1257 3630 corrumpunt,
1287 3549 1369 3611 aliud

227 3676 390 3745 generant,
409 3688 486 3744 quae
501 3688 592 3727 nuum
607 3674 800 3744 conservant,
815 3667 897 3728 aliud
912 3668 1087 3744 destruunt,
1106 3667 1174 3728 aliis
1187 3687 1260 3746 ergo
1279 3676 1370 3744 atque

226 3785 296 3845 aliis
313 3786 392 3844 bona
409 3791 480 3844 sunt
496 3792 587 3860 atque
609 3786 702 3862 mala,
725 3782 857 3845 iocunda
883 3792 915 3845 et
932 3784 1045 3858 tristia,
1065 3784 1134 3846 aliis
1156 3783 1267 3844 deiude
1290 3785 1368 3864 plus,

226 3901 296 3962 aliis
312 3902 425 3979 minus,
445 3901 514 3961 aliis
533 3921 665 3980 semper,
683 3902 753 3963 aliie
770 3901 942 3976 aliquando.
955 3901 1110 3963 Exlatere
1126 3902 1221 3980 igitur
1239 3901 1369 3963 obiecto·

160 4019 204 4082 30
226 4042 291 4081 rum
315 4041 374 4080 non
397 4029 445 4080 est
462 4019 586 4082 definite
604 4023 714 4081 bonum
731 4032 763 4083 et
781 4022 905 4083 definite
922 4023 1049 4100 malum,
1067 4023 1192 4084 ‹lofinite
1209 4044 1315 4085 verum
1337 4032 1370 4085 et

227 4139 352 4199 delinita
370 4138 411 4198 fal
421 4158 512 4216 psum,
530 4139 606 4200 adeo
623 4147 656 4199 ut
669 4159 728 4199 uno
739 4140 850 4201 intuitu
862 4141 963 4220 possis
977 4161 1032 4219 pro
1047 4161 1106 4201 una
1117 4141 1366 4203 contradictionis
1388 4159 1430 4222 p.
1445 4146 1514 4210 60

227 4268 314 4338 parte
342 4259 444 4318 <licere
470 4259 570 4319 omnia
593 4260 687 4333 bona3
710 4259 769 4319 alio
791 4280 847 4338 pro
874 4260 1125 4322 contradictionis
1154 4269 1241 4340 parte
1269 4261 1368 4322 altera

226 4376 327 4435 omnia
348 4377 441 4450 mala;
459 4375 519 4434 alio
541 4375 615 4434 nibil
634 4377 745 4435 bonum
763 4376 814 4435 vel
840 4376 969 4455 malum,
994 4386 1028 4437 ut
1044 4386 1184 4438 neutrum
1200 4378 1366 4439 contradic·

226 4492 372 4551 toriorum
392 4491 430 4549 sit
448 4492 636 4567 vertumade
653 4492 754 4552 omnia
769 4502 833 4553 tum
843 4493 924 4553 bona
934 4502 997 4554 tum
1007 4494 1093 4569 mala,
1104 4502 1138 4553 ut
1152 4495 1192 4555 sit
1205 4503 1366 4572 utrumque

361 4603 435 4643 Iturxr
455 4605 509 4651 slpp.
522 4604 562 4640 lut.
577 4603 593 4652 1,
606 4604 626 4642 n.
1181 4605 1207 4642 ⁴25
