3428 5138
615 407 660 453 nn
680 405 790 452 urrini
814 405 1020 451 nxrsrnumn.
1329 395 1385 454 185

243 561 376 639 partium
390 562 575 642 adiectione,
593 583 663 624 mox
680 563 825 641 quinque,
844 561 955 624 deinde
980 569 1110 642 septem,
1133 573 1164 625 et
1188 564 1233 624 ita
1262 586 1385 646 semper
1466 624 1469 628 .

244 678 403 757 imparium
421 699 476 740 sue
495 679 602 741 ordine
625 680 853 741 succedentium
879 680 960 741 serie
978 682 1061 760 capit
1076 688 1285 762 augmentum,
1304 683 1385 744 sieut

243 796 336 856 etiam
353 804 385 857 et
401 816 457 859 sue
474 797 605 875 quodam
621 798 712 859 modo
730 797 948 860 semicirculus,

321 929 339 975 u
357 919 403 977 19.
425 918 466 979 Ει
480 917 551 978 hino
564 938 625 978 uon
643 917 742 979 solum
754 917 793 978 ad
809 918 1093 997 proportionalium,
1106 919 1160 979 sed
1172 919 1264 980 etiam
1280 921 1383 981 verius

197 1029 446 1097 hmensuraudo
472 1036 512 1097 ad
544 1036 716 1115 aequalium
744 1036 876 1115 partium
907 1037 1208 1117 comprehensionem
1235 1038 1383 1117 perfacile

241 1152 432 1229 captabimus
450 1152 673 1214 documentum.

320 1291 338 1339 e
358 1273 405 1331 23.
421 1268 577 1332 Differens
593 1292 668 1334 vero
685 1273 838 1353 hocopus
859 1273 954 1334 estin
972 1272 1201 1352 sphaericorum
1215 1272 1255 1333 ad
1273 1271 1383 1351 sphae-

240 1391 316 1470 rica,
335 1400 367 1451 et
383 1391 544 1470 plenorum
561 1391 601 1452 ad
617 1391 710 1473 plana
727 1391 914 1469 adiectione;
930 1390 1174 1470 quandoquidem
1189 1392 1221 1451 in
1238 1392 1301 1452 illis
1316 1413 1383 1471 par-

239 1511 315 1570 tium
330 1510 416 1570 iuxta
428 1509 593 1587 geminam,
610 1509 728 1571 inistis
745 1530 819 1571 vere
837 1510 1006 1591 simplicem
1021 1510 1139 1589 figurae
1157 1511 1292 1589 speeiem
1310 1530 1382 1571 con-

174 1631 216 1694 10
238 1630 454 1692 siderationem
472 1630 587 1692 habere
605 1651 681 1711 opus
699 1637 756 1692 est.
774 1630 965 1692 Penentibus
986 1631 1066 1691 enim
1087 1630 1236 1691 rotundas
1262 1636 1381 1691 atomos

239 1746 423 1825 ineffugibili
439 1748 625 1808 necessitate
643 1746 755 1808 accidit
771 1767 900 1808 vacuum
910 1755 973 1808 tum
985 1748 1075 1827 pleno
1093 1748 1298 1824 interiectum,
1316 1755 1381 1808 tum

239 1872 271 1924 et
288 1873 436 1943 perpetue
454 1884 509 1942 pro
536 1883 596 1924 una
613 1863 776 1942 superficie
794 1865 937 1925 continua
960 1885 1089 1943 magnae
1107 1863 1259 1944 sphaerae
1274 1883 1379 1944 super·

238 1984 377 2046 ducenda
404 1993 491 2045 extra
516 1984 676 2062 globorum
702 1984 908 2063 superficiem,
935 1991 969 2044 ιιι
996 1991 1084 2045 extra
1104 1983 1225 2045 telluris
1253 2002 1378 2062 corpuS,

238 2121 307 2164 esse
324 2101 478 2162 diffusum.

171 2218 212 2282 le
316 2236 332 2283 τ
349 2223 397 2280 30.
415 2221 452 2280 In
471 2220 560 2299 plano
582 2220 648 2281 eius
664 2219 709 2279 rei
727 2219 864 2281 ordinem
879 2220 1045 2281 Democriti
1061 2241 1132 2283 aree
1148 2228 1376 2298 commonstrat,

235 2340 285 2401 ubi
306 2341 338 2401 in
354 2338 535 2417 anangulum
556 2337 655 2415 figura
672 2358 797 2398 numero
815 2359 949 2416 congruo
967 2360 1060 2420 super
1082 2360 1239 2401 numerum
1256 2338 1377 2399 adiecto

235 2458 411 2537 consurgit,
432 2466 586 2534 tamquam
602 2477 662 2518 una
679 2457 810 2534 singulis
827 2457 957 2518 laterum
975 2467 1062 2538 parte
1079 2457 1289 2520 crescentibus
1311 2477 1379 2517 con·

235 2579 319 2638 tinue
342 2575 448 2636 ordino
469 2575 638 2636 concrescit
654 2574 810 2635 minimum
817 2596 824 2651 ;
846 2574 898 2635 ubi
913 2575 939 2635 si
953 2575 1059 2655 cupias
1075 2596 1168 2655 super
1189 2574 1314 2658 addilta
1328 2593 1378 2653 pc·
1401 2593 1441 2655 p.
1455 2580 1526 2645 53

233 2695 369 2775 riphcria
400 2714 529 2754 vacuum
557 2714 625 2754 cum
655 2693 746 2772 pleno
773 2692 947 2774 exaequari,
965 2701 1131 2771 sequentes
1157 2692 1245 2755 vacui
1270 2699 1375 2772 partes

167 2809 211 2871 20
234 2812 441 2890 triangulares
457 2832 518 2873 nen
534 2812 578 2872 ita
594 2812 701 2892 primis
718 2813 806 2873 vacui
820 2813 960 2892 pertibus
977 2810 1145 2873 succedunt
1161 2811 1315 2889 aequaleS,
1341 2819 1375 2872 ut

234 2941 266 2992 et
283 2931 397 3010 circuli,
416 2950 514 3009 neque
532 2931 661 3010 figurem
672 2931 838 2992 adservant
856 2931 998 3003 eandem,
1012 2930 1094 3008 quod
1111 2931 1216 3009 procul
1234 2929 1326 2990 dubie
1341 2929 1373 2989 in

233 3068 360 3128 corpore
378 3049 537 3128 sphaerico
549 3069 610 3109 nou
622 3048 884 3126 accideretneque
895 3049 926 3108 in
942 3049 1082 3109 incavam
1100 3048 1294 3128 superficiem
1311 3069 1378 3126 par-

232 3171 314 3230 tibus
331 3169 551 3248 multiplicatis.
573 3170 741 3247 Perporam
763 3168 984 3245 triangulorum
1011 3176 1042 3230 et
1069 3169 1197 3231 aliarum
1225 3168 1375 3249 sphaerae

232 3287 364 3366 partium
398 3285 570 3345 doctrinam
599 3286 631 3345 iu
659 3285 750 3364 plano
778 3283 914 3363 quidam,
946 3294 980 3346 ut
1009 3287 1104 3348 stulte
1132 3298 1374 3365 persequuntur;

166 3404 209 3468 ‘25
232 3404 475 3482 quandoquidem
496 3425 556 3463 neu
578 3405 676 3480 magis
699 3405 730 3463 in
745 3405 837 3484 plano
857 3424 1019 3484 possumus
1038 3404 1166 3465 definire
1184 3410 1215 3465 et
1232 3405 1271 3465 ad
1288 3426 1375 3467 suum

231 3523 376 3583 amussim
394 3520 555 3598 designare
577 3520 729 3600 sphaerici
752 3521 919 3600 cuiuspiam
940 3540 1098 3600 numeros,
1113 3541 1203 3598 quam
1215 3521 1246 3580 in
1263 3521 1373 3599 selide,

232 3659 341 3717 nempe
369 3637 530 3716 superficie
551 3637 692 3714 globosa,
719 3656 862 3698 numeres
886 3637 979 3717 plum.
1001 3637 1093 3698 Adde
1110 3637 1205 3698 etiam
1222 3647 1256 3699 ut
1273 3639 1374 3718 ipsum

233 3756 312 3835 quod
340 3777 501 3832 numquam
531 3753 746 3815 inveniendum
777 3755 949 3832 quaeritur,
978 3756 1026 3816 sui
1058 3755 1181 3816 tandem
1214 3756 1372 3817 inventum

232 3877 344 3936 nullius
362 3877 524 3955 praeheret
541 3895 615 3934 usus
632 3872 772 3934 officium.
794 3874 838 3932 At
859 3874 947 3933 nobis
965 3883 1087 3935 constet
1105 3875 1259 3954 sphaerici
1277 3876 1372 3936 trian-

166 3995 209 4057 30
232 3994 295 4070 guli
313 3995 461 4054 rationem
472 3994 502 4053 in
514 3994 645 4072 sphaera
662 3991 783 4051 omnino
801 4012 891 4052 unuin
906 3992 1094 4069 eandemque
1110 4013 1178 4055 esse
1196 4002 1288 4073 atque
1307 4015 1371 4056 rec-

231 4113 327 4172 tilinei
350 4114 379 4171 in
401 4113 504 4190 plano,
525 4110 605 4170 unde
628 4128 688 4169 nen
712 4119 779 4171 erat
797 4130 874 4188 epus
891 4118 925 4169 ut
946 4110 1101 4192 quippiam
1128 4111 1288 4191 principiis
1314 4114 1372 4172 Eu·

323 4334 391 4396 laq.
409 4333 444 4383 ed
466 4334 596 4398 spherica
659 4337 689 4385 le
706 4335 887 4407 exangulam]
904 4334 942 4387 sic
1005 4341 1035 4390 19
1051 4340 1187 4406 exequari
1249 4341 1280 4390 ‘2⁷1
1292 4341 1370 4404 sorar

241 4414 354 4480 quidam
368 4421 411 4477 tut
425 4414 542 4477 stultat)

363 4526 436 4566 linum
452 4529 505 4576 opp.
520 4528 559 4565 lot.
574 4526 626 4578 1,e.
1182 4534 1209 4573 ll
