3428 5138
544 436 862 482 conrmrrnarronss
881 438 926 481 nx
947 438 1078 484 smne.
1324 425 1384 486 20?

238 615 298 654 non
316 601 417 654 autem
429 593 557 672 physice
568 592 720 653 hominem
737 591 852 651 homini
866 590 1021 668 conferre,
1040 592 1125 653 cuius
1144 593 1234 671 plane
1252 591 1384 669 longitu-

238 711 340 771 dinem
367 710 398 769 in
422 708 696 769 innumerabilibus
713 707 804 769 lineis
821 709 1041 769 consistentem
1067 726 1221 785 agnoscas
1243 716 1380 785 oportet,

238 827 276 887 iis
298 827 420 903 inquam
438 826 544 903 quales
561 845 596 885 ac
618 832 748 902 quantas
769 824 929 901 sigillatim
951 844 1012 884 non
1031 832 1079 885 est
1095 823 1244 902 possibile
1262 823 1382 884 omnino

238 964 308 1006 esse
324 964 392 1005 cum
409 941 680 1003 innumerabilibus
697 942 765 1002 aliis
783 941 1013 1002 concordantes.

194 1051 215 1112 ἵ)
318 1074 335 1121 u
357 1063 405 1120 51.
426 1059 607 1136 Aequalitas
626 1066 675 1119 est
696 1058 726 1118 in
748 1059 785 1119 iis
804 1078 880 1134 quae
908 1077 1030 1137 semper
1054 1064 1196 1133 maneut;
1221 1055 1380 1116 mutabilia
1402 1069 1443 1133 p.
1461 1054 1531 1119 72

241 1197 314 1238 vero
332 1195 453 1255 semper
471 1184 535 1235 tum
551 1175 612 1236 sibi
633 1173 673 1234 ad
691 1173 763 1252 duo,
782 1182 847 1235 tum
869 1173 939 1235 aliis
960 1173 999 1234 ad
1023 1173 1124 1234 omnia
1146 1172 1294 1234 instantia
1313 1179 1385 1233 sunt

240 1294 352 1372 iniqua.

318 1415 334 1462 l
355 1410 403 1470 66.
424 1410 462 1471 In
481 1409 616 1469 numeris
634 1409 803 1470 secundum
820 1408 955 1487 speciem
972 1408 1045 1469 lieet
1066 1407 1157 1468 detur
1178 1407 1258 1468 alter
1286 1407 1383 1469 altero

239 1528 336 1588 maior
353 1535 445 1602 atque
465 1526 577 1603 minor,
605 1525 723 1585 numeri
748 1535 851 1586 tamen
877 1526 998 1605 species
1023 1524 1114 1585 alteri
1130 1525 1248 1586 numeri
1269 1524 1385 1603 speciei

176 1638 218 1701 10
240 1662 388 1720 nusquam
415 1641 552 1718 aequalis
569 1641 751 1702 invenietur.
769 1641 906 1701 Proinde
928 1641 1009 1702 sicut
1030 1661 1134 1701 rerum
1156 1661 1271 1718 genera
1292 1648 1384 1717 atque

241 1759 362 1837 species
373 1757 539 1818 secundum
551 1755 700 1817 eiusmodi
713 1756 827 1835 gradus
843 1758 1081 1837 distinguuntur,
1096 1757 1140 1817 ita
1157 1767 1190 1817 et
1205 1756 1237 1816 in
1254 1755 1384 1834 siugulis

241 1874 403 1954 speciebus
435 1872 594 1933 individua
624 1872 791 1933 secundum
821 1874 992 1935 variantem
1016 1872 1146 1951 gradum
1176 1871 1381 1933 inveniuntur.

241 1990 331 2050 Unde
353 1996 385 2051 et
406 1989 586 2049 inhumana
607 1989 860 2068 specieomnium
882 1988 1056 2049 animalium
1084 1987 1204 2067 species
1230 1987 1385 2066 perspica-

242 2105 340 2166 ciores
352 2106 390 2164 ob
403 2105 508 2166 oculos
524 2103 709 2183 reseruntur,
730 2103 811 2181 quod
827 2125 888 2166 non
905 2125 994 2166 secus
1011 2107 1042 2164 in
1058 2104 1127 2164 aliis
1142 2103 1294 2182 omuibus,
1312 2102 1384 2163 licet

179 2212 219 2274 15
243 2222 401 2294 latentius,
419 2222 583 2301 speciebus
604 2241 673 2283 esse
699 2221 945 2283 existimandum.
964 2222 1053 2282 Utin
1081 2221 1191 2297 equina
1215 2220 1318 2300 specie
1336 2227 1385 2282 est

241 2348 273 2398 et
305 2337 473 2398 similitudo
504 2337 652 2417 hominis,
687 2338 794 2416 bovis,
827 2337 926 2415 canis,
954 2336 1049 2414 asini,
1079 2335 1204 2412 simiae,
1233 2336 1319 2412 ovis;
1353 2337 1383 2396 iu

241 2454 356 2534 plantis
374 2454 413 2513 ad
435 2454 511 2514 haec
532 2455 679 2514 latentior
701 2455 871 2535 appositio;
892 2425 936 2513 ibi
957 2455 1041 2533 plus,
1065 2452 1107 2513 ibi
1124 2453 1237 2531 minus,
1258 2452 1301 2511 ibi
1314 2451 1383 2512 sim-

240 2570 376 2649 pliciter,
400 2569 444 2630 ibi
471 2571 655 2649 composite,
686 2571 818 2649 qualiter
849 2570 1040 2632 diversarum
1064 2568 1308 2648 complexionum
1330 2588 1384 2628 nu-

242 2687 334 2748 meris
374 2698 465 2765 atque
499 2688 647 2765 gradibus
685 2692 750 2769 (qui
784 2710 946 2766 numquam
978 2710 1045 2751 cum
1078 2688 1205 2750 alterius
1235 2686 1384 2767 gradibus

174 2805 362 2870 sacunino
394 2804 591 2885 conveniant)
620 2804 766 2867 advenire
798 2814 929 2886 oportet.
955 2806 997 2867 Et
1023 2807 1115 2886 plane
1144 2802 1382 2866 insensatissimi

241 2922 352 3001 capitis
379 2929 428 2985 est
454 2931 561 3001 putare
586 2921 631 2982 ita
656 2930 796 2983 naturam
823 2943 1017 2984 numerorum
1042 2922 1158 2984 habere
1190 2919 1382 2981 differentias

241 3037 322 3097 sicut
338 3045 370 3097 et
386 3056 454 3113 ncs;
473 3039 530 3098 sub
554 3038 679 3117 imparis
701 3039 847 3101 videlicet
861 3047 952 3118 atque
966 3040 1060 3119 paris,
1078 3037 1238 3118 impariter
1259 3037 1385 3116 pariter·

241 3174 299 3228 que
314 3153 413 3232 paris,
432 3175 450 3213 a
473 3153 589 3216 decade
611 3155 650 3214 ad
671 3155 809 3234 decadis,
829 3177 848 3217 a
865 3155 1002 3217 centuria
1027 3156 1067 3216 ad
1094 3154 1249 3217 centuriae
1276 3153 1385 3233 princi-

242 3272 325 3350 pium
341 3272 526 3351 recedendo,
545 3273 595 3335 vel
612 3274 682 3335 aliis
699 3275 825 3336 huiusce
840 3276 963 3353 generis
983 3274 1155 3335 rationibus
1172 3272 1381 3353 procedeud03

175 3386 219 3449 ss>
244 3394 328 3452 Deos
349 3393 431 3470 item,
453 3392 617 3455 daemones
640 3402 671 3455 et
692 3414 896 3471 quaecumque
915 3394 1077 3455 rationalia
1092 3392 1199 3454 eadem
1226 3392 1384 3454 discursus

243 3511 323 3571 serie
350 3512 387 3572 de
416 3512 605 3573 obiectorum
632 3513 766 3574 numeris
794 3521 885 3591 atque
911 3514 1063 3576 mensuris
1085 3511 1230 3590 definire,
1254 3513 1304 3573 vel
1327 3514 1396 3587 sub·

241 3632 357 3692 eisdem
379 3632 513 3695 iustitiae
536 3641 568 3694 et
585 3632 763 3711 iniustitiae,
782 3633 947 3710 aequitatis
969 3643 998 3695 et
1019 3630 1190 3710 iniquitatis
1207 3629 1386 3692 conditioni·

242 3749 297 3810 bus
316 3750 459 3828 militare,
473 3753 608 3831 pectoris
619 3753 760 3812 nimirum
772 3752 837 3813 sine
851 3754 951 3832 capite
963 3760 1012 3814 est
1022 3771 1171 3813 asserere.
1187 3750 1384 3831 sapientibus

241 3866 320 3926 euim
332 3868 408 3927 illud
420 3870 625 3931 certissimum
638 3889 707 3931 osse
719 3870 819 3943 debet,
831 3871 913 3949 quod
924 3880 987 3932 tum
1000 3870 1192 3933 numeri-tum
1204 3872 1384 3933 numerandi
1404 3884 1407 3889 '

175 3996 219 4057 330
242 3989 378 4050 rationes
401 3989 443 4049 ita
470 3997 541 4050 sunt
558 3988 687 4068 diversi,
706 3990 786 4050 siout
803 3999 836 4051 et
852 3989 1075 4052 numerantium
1098 3987 1203 4067 digiti,
1230 3990 1332 4070 capita
1352 4000 1385 4054 et

241 4107 443 4167 intentionum
468 4107 602 4168 conditio
625 4127 686 4169 non
712 4115 761 4169 est
785 4107 902 4170 eadem.
920 4108 967 4167 Ea
982 4107 1078 4186 igitur
1098 4125 1175 4184 quae
1196 4107 1236 4167 ad
1256 4116 1384 4172 naturae

244 4227 466 4305 omniparentis
484 4246 626 4287 numeros
641 4228 838 4301 conveniunt,
856 4228 896 4288 ad
913 4237 1037 4290 nostros
1054 4247 1113 4288 uon
1133 4248 1275 4306 umquam
1301 4229 1385 4308 pote

336 4468 365 4516 15
383 4465 456 4532 case]
464 4467 543 4529 surse
557 4470 601 4516 est
663 4467 695 4516 ‘22
711 4482 748 4532 sq.
762 4465 801 4518 siu
