3428 5138
472 426 626 477 enricum
647 427 822 481 invnasvs,
838 418 1105 477 niriisuirico‘s.
1322 397 1360 472 27'

220 601 284 667 cile
307 600 483 688 aufugies,
508 602 569 669 ubi
592 603 804 669 intellexeris
822 609 980 670 centrum
1003 608 1044 668 ut
1067 602 1274 686 terminum;
1299 602 1360 667 ubi

219 727 312 793 enim
330 734 447 815 partes
465 728 585 796 finitae
604 729 750 814 fuerint,
770 728 912 796 termini
930 750 1002 794 non
1025 733 1192 815 poterunt
1215 749 1288 792 esse
1310 726 1362 792 in-

219 853 328 940 finiti,
359 857 517 942 quamvis
547 857 609 924 hos
639 857 738 924 iuxta
772 855 1044 922 innumerabiles
1076 853 1290 920 differentias
1322 855 1361 920 in

219 983 386 1050 continuo
409 984 564 1072 accipere
582 990 758 1071 geometra
781 1006 817 1049 se
836 983 1090 1050 credat'Porro
1113 982 1177 1048 hae
1202 981 1361 1048 differen-

175 1104 197 1168 5
219 1107 289 1174 tiae
306 1130 378 1175 non
397 1110 508 1176 multo
526 1109 681 1196 partium
697 1108 959 1175 multitudinem
983 1113 1188 1195 exuperant,
1208 1106 1361 1173 conside·

219 1241 295 1301 rato
316 1235 408 1321 quod
427 1236 531 1303 unius
556 1236 714 1303 continui
739 1235 874 1301 definiti
914 1241 997 1301 sunt
1027 1234 1188 1319 termini,
1221 1233 1294 1301 sive
1322 1233 1359 1299 in
1385 1252 1387 1257 ⁴

218 1361 364 1448 longum
382 1362 454 1429 sive
473 1363 511 1430 in
529 1363 641 1429 latum
664 1362 822 1451 accipias.
847 1362 900 1428 40.
924 1362 1092 1429 Minimus
1114 1384 1216 1428 arcus
1240 1369 1275 1427 et
1299 1361 1360 1427 mi·

218 1487 313 1554 nima
325 1488 453 1555 chorda
465 1511 536 1556 non
549 1489 730 1574 differunt,
744 1489 834 1555 sicut
852 1489 1024 1555 maximus
1041 1511 1141 1556 arcus
1154 1495 1188 1555 et
1207 1488 1358 1554 maxima

218 1614 346 1682 chorda
369 1616 460 1696 idem
490 1617 633 1684 omnino
664 1623 756 1683 sunt.
782 1616 836 1682 41.
864 1616 959 1683 Hinc
988 1615 1153 1705 physicus
1183 1614 1360 1702 intelliget

153 1747 196 1813 10
217 1748 406 1814 maximum
426 1770 486 1814 seu
502 1745 756 1813 velocissimum
776 1751 922 1830 motum,
941 1767 1009 1831 quc
1028 1745 1179 1812 velocior
1197 1768 1269 1811 esse
1288 1766 1360 1810 non

119 1956 124 1965 ι
216 1881 346 1961 potest,
364 1872 408 1939 ab
432 1872 605 1960 ipsissima
630 1870 746 1957 quiete
778 1854 865 1936 non*
881 1869 1028 1936 differre.
1066 1870 1160 1936 Hinc
1187 1869 1359 1958 sapientia

217 1998 294 2066 ideo
319 1998 475 2064 omnium
498 1996 725 2064 mobilissima
750 1996 832 2082 quia
855 1995 1056 2080 immobilis,
1077 2002 1112 2062 et
1134 1995 1211 2062 ideo
1239 1995 1360 2061 immo-

217 2123 297 2190 bilis
320 2123 404 2211 quia
423 2123 579 2189 omnium
598 2121 835 2208 mobilissima,
854 2128 1003 2208 utroque
1028 2122 1130 2189 modo
1149 2121 1359 2188 describitur

216 2249 447 2339 aprophetis.
470 2250 524 2315 42.
548 2249 735 2316 Minimum
760 2255 812 2315 est
843 2249 1006 2334 circulus,
1037 2256 1072 2315 et
1101 2248 1280 2316 circularis
1305 2254 1358 2314 est

152 2384 193 2448 15
217 2384 331 2444 motus
350 2376 469 2465 ipsine.
489 2376 584 2442 Dum
602 2377 695 2443 enim
710 2383 882 2464 punctum
897 2377 1011 2465 primo
1026 2376 1145 2464 prodit
1159 2376 1198 2443 in
1213 2376 1358 2461 lineam,

216 2510 251 2568 et
268 2502 361 2569 linea
379 2524 441 2590 per
458 2502 655 2590 poligonias
679 2501 844 2569 discurrit
868 2502 1038 2589 usquein
1062 2502 1244 2588 circulum,
1269 2500 1358 2567 illud

216 2627 309 2714 quod
327 2627 518 2694 maximum
541 2627 689 2695 dicimus
712 2634 817 2716 atque
841 2629 1026 2696 minimum
1053 2629 1186 2696 virtute
1218 2635 1253 2693 et
1276 2633 1357 2693 actu

215 2752 438 2820 substantiali
455 2753 672 2821 inveniemus
687 2776 761 2822 esse
772 2755 903 2840 omnia,
916 2754 1130 2844 principium
1145 2753 1237 2820 idem
1253 2760 1358 2838 atque

213 2877 327 2946 finem.
347 2880 401 2946 43.
419 2879 605 2947 Minimum
625 2883 716 2948 reale
732 2883 882 2949 multum
895 2879 900 2962 Ι
915 2883 1033 2948 abesse
1051 2904 1071 2947 a
1090 2880 1235 2946 minimo
1252 2879 1356 2946 sensi·
1380 2885 1464 2947 (21r

147 3013 192 3078 20
214 3004 277 3071 bili
304 3028 376 3072 non
399 3004 588 3073 infeliciter
614 3007 767 3075 ostendit
795 3008 997 3089 Lucretius;
1022 3006 1230 3074 mirabiliter
1263 3005 1357 3072 enim

213 3138 339 3199 natura
363 3134 512 3221 amplius
545 3136 688 3203 resolvit
718 3135 997 3224 magnitudinem
1028 3157 1132 3222 quam
1156 3134 1251 3201 visus
1282 3134 1356 3220 qui-

213 3280 350 3344 cunque
365 3265 400 3325 et
419 3259 670 3347 qualiscunque
685 3262 796 3350 possit
811 3260 1080 3350 apprehendere,
1105 3261 1353 3327 resolutionem

214 3391 329 3452 autem
359 3386 449 3453 hanc
477 3387 515 3454 in
552 3389 654 3455 rebus
691 3412 763 3456 esse
808 3389 925 3456 omnia
972 3388 1148 3455 sensibilia
1186 3388 1354 3456 indicant.

212 3513 267 3578 44.
285 3513 335 3581 Ut
353 3536 436 3600 ergo
459 3514 662 3582 resolvendo
695 3523 821 3583 natura
849 3515 983 3600 definit,
1008 3516 1058 3582 ita
1082 3524 1116 3582 et
1140 3524 1250 3582 artem
1274 3514 1356 3581 defi·

145 3641 188 3705 25
212 3639 288 3706 nire
306 3647 454 3728 oportet.
478 3643 524 3707 Et
539 3649 580 3709 ut
598 3643 782 3711 minimum
805 3644 963 3710 absolute
987 3643 1159 3728 subsistit,
1180 3643 1284 3710 itaet
1305 3665 1355 3709 ra·

212 3765 307 3832 tione
324 3790 387 3856 per
406 3791 442 3834 se
460 3769 577 3856 aliquo
594 3777 697 3858 pacto
717 3771 884 3859 capiatur.

215 3942 321 3952 ..μ-ι·-

304 4032 317 4081 1
336 4029 378 4100 ut]
392 4037 422 4084 et
484 4033 516 4083 20
532 4034 706 4088 infoeliciter
