3428 5138
454 413 499 458 un
521 412 699 458 emucirus
718 413 897 458 uuusvann
916 413 958 456 nr
978 411 1134 456 rrcvsnn.
1307 398 1365 456 277

223 565 330 625 dorum
347 566 554 646 applicatione
570 566 728 646 respiciat;
747 567 882 643 vicissim
900 566 980 626 enim
999 574 1098 626 totum
1116 566 1248 645 partium
1273 567 1364 626 omni-

222 689 302 759 tate,
327 689 359 742 et
380 691 485 762 partes
508 702 613 743 omnes
633 691 727 760 atque
756 684 895 762 singulae
916 681 1029 762 integri
1050 682 1205 743 totalitate
1227 703 1366 761 compro-

222 799 343 859 bantur.

668 1236 822 1303 OAPVT
861 1237 926 1304 HI.

649 1456 747 1497 Folirlca
760 1457 813 1497 atrll
828 1456 950 1508 Apollinis.

312 1762 367 1827 En
385 1761 481 1826 velut
500 1760 538 1825 iu
557 1780 673 1825 sacrae
691 1757 841 1846 speciem
859 1764 894 1823 te
913 1756 1077 1824 extollere
1096 1757 1223 1824 mentis

223 1877 355 1962 Possis,
376 1899 444 1962 qua
463 1875 582 1942 videas
602 1874 728 1960 quibus
747 1873 836 1940 atria
855 1873 1029 1961 Apollinis
1048 1879 1128 1960 apte

224 1992 413 2058 Ordinibus
434 1997 608 2075 constent,
629 2013 669 2056 ac
688 1990 759 2056 sint
778 2012 894 2056 coram
910 1989 1114 2056 obiicienda.

223 2109 382 2175 Percitus
400 2132 420 2174 a
439 2107 568 2175 Bacchi
587 2106 816 2194 cytharoedus
834 2107 960 2194 Apollo
978 2106 1097 2173 furore

160 2229 202 2293 10
227 2225 428 2291 Constituat
446 2223 523 2290 diae
542 2223 629 2289 lucis
648 2222 853 2289 fundamina
871 2222 998 2310 prima3

222 2339 425 2406 Constantis
444 2338 572 2405 Bacchi
592 2338 630 2403 in
649 2338 762 2404 medio
782 2338 864 2423 quia
882 2362 978 2404 sacra
993 2337 1189 2427 'perambit,

224 2457 274 2523 Ut
292 2455 446 2521 medium
465 2477 545 2520 mox
565 2477 600 2520 se
620 2453 838 2520 circumfluat
857 2453 916 2520 ille
934 2454 1101 2537 vicissim,

225 2571 403 2650 Quatenus
422 2579 458 2637 et
475 2571 556 2658 gyri
575 2571 724 2659 duplicis
742 2570 891 2656 vestigia
909 2571 1084 2658 linquant,

227 2688 320 2767 Quae
340 2711 475 2774 quoque
494 2712 529 2754 se
548 2688 686 2775 gemino
707 2687 842 2753 findant
859 2687 897 2752 in
916 2687 1069 2771 cardine,
1090 2709 1236 2774 quorum

161 2806 202 2870 15
226 2805 382 2892 Occupat
400 2805 575 2871 infernum
595 2804 725 2892 species
742 2803 939 2870 veneranda
959 2803 1105 2886 Dianae,

226 2923 273 2988 Et
292 2921 414 2987 Charis
432 2943 587 2987 accessus
605 2920 674 2987 sibi
693 2919 809 2986 uraris
827 2919 984 2986 vindicat
1002 2919 1101 2985 altos.

227 3037 317 3103 Dein
337 3037 492 3103 Bacchus
511 3037 641 3103 circum
660 3035 832 3118 Charites,
850 3042 885 3101 et
903 3034 1029 3123 Apollo
1049 3035 1199 3100 Dianam

226 3154 425 3242 Complatos
442 3161 617 3242 peragunt
637 3175 770 3238 cursus,
790 3152 967 3240 propriam
986 3152 1029 3218 ad
1049 3152 1236 3218 stationem

228 3269 394 3336 Conversi
412 3269 562 3335 tandem.
584 3269 804 3357 Quadruplex
823 3291 902 3335 mox
922 3269 1023 3336 cardo
1043 3268 1180 3335 viarum

160 3385 205 3449 20
227 3386 387 3474 Excipiet
406 3385 552 3452 totidem
569 3385 766 3472 praesentia
785 3385 942 3469 numina,
962 3408 1087 3472 nempe
1347 3412 1371 3451 n

228 3503 358 3568 Dextra
375 3502 480 3568 habet
496 3503 699 3589 Erigonem,
717 3502 876 3590 opposite
895 3502 1161 3586 Hermetemquc
1177 3500 1333 3583 sinistra,
1369 3517 1410 3578 p.
1430 3503 1527 3566 138

228 3617 438 3684 Antrorsum
457 3625 510 3684 est
529 3619 701 3704 Fortuna,
721 3618 814 3685 Iovis
833 3619 998 3706 pincerna
1017 3630 1216 3684 retrorsum.

230 3734 382 3819 Erigone
399 3741 492 3800 recta
512 3736 688 3801 Fortunae
707 3735 851 3823 adpellit
870 3735 907 3801 in
926 3736 1055 3820 estleia,

227 3850 366 3936 Istaque
384 3852 485 3939 pulsa
505 3853 585 3938 vagi
605 3853 747 3919 veniens
767 3853 941 3918 Hermctis
960 3852 1005 3918 ad
1024 3875 1114 3935 oran,

161 3963 205 4026 25
228 3966 331 4032 Hunc
351 3967 424 4053 agit
443 3968 481 4032 in
500 3968 598 4055 pueri
617 3969 735 4034 valvas
756 3969 982 4056 Ganymedis,
1003 3969 1118 4034 atille

228 4081 355 4148 Tendit
373 4083 417 4148 ad
436 4084 623 4172 Erigonem
642 4108 744 4151 cursu
764 4085 920 4150 breviore
937 4083 1098 4171 puellam.

326 4349 338 4396 1
353 4347 554 4414 applicatione,
565 4349 702 4412 respiciat
714 4349 842 4400 vicissim
905 4349 1126 4413 sscytlraruedus
1191 4351 1222 4400 16
1236 4349 1369 4402 vendicat

226 4427 259 4476 ‘22
275 4428 460 4497 Antrorsum]
474 4430 509 4492 cf.
520 4446 551 4495 p.
568 4431 629 4491 145,
648 4433 665 4479 6
