3428 5138
349 389 409 448 244
651 405 790 452 rounam
806 405 909 451 narni
930 407 1131 470 1111111110,
1153 408 1204 477 111,

349 563 421 631 Nec
439 568 557 649 partes
576 562 706 627 multas
726 563 942 650 comprendit
960 565 1129 630 terminus
1149 588 1254 650 unus,

351 679 461 756 Quem
479 679 611 744 nullam
631 679 724 744 nosti
742 685 890 766 partem3
911 680 1094 746 minimum
1112 705 1224 768 neque
1243 682 1359 770 plures

349 795 554 861 Consimiles
573 795 651 860 finit
669 802 799 883 partae,
820 818 925 881 quam
943 797 1103 864 diximus
1120 799 1238 884 thue
1467 828 1499 867 11

349 913 511 999 Angulus
530 918 582 978 est
598 911 710 999 magis
730 912 826 996 (haec
844 912 926 997 quia
943 914 1022 999 plus
1041 913 1353 999 inclinat)acut11S,

306 1029 326 1090 5
351 1031 408 1096 Sic
425 1031 524 1096 venit
543 1054 563 1096 a
582 1030 728 1096 minimo
747 1031 826 1096 finis
845 1031 1031 1097 distantior
1050 1033 1136 1120 ipse,

351 1146 650 1231 Subcresoensque
669 1147 767 1212 venit
785 1147 882 1234 longi
900 1148 1068 1213 dimensio
1089 1149 1213 1214 inanis

349 1265 456 1330 Porro
477 1264 545 1330 alio
564 1264 676 1350 magis
695 1265 763 1330 ista
782 1265 856 1330 loco
875 1265 1022 1332 fortasse
1041 1268 1181 1333 notabo.

430 1486 541 1547 Mirum
560 1493 594 1546 ut
611 1486 677 1546 sine
694 1485 801 1564 modo,
825 1487 931 1547 ordine
953 1507 989 1547 ac
1009 1487 1127 1546 ratione
1154 1486 1256 1562 aliqua
1277 1487 1321 1546 ita
1337 1487 1368 1545 in
1386 1493 1493 1564 partes

348 1602 523 1661 innumeras
538 1601 682 1679 angulum
704 1602 901 1663 dividendum
912 1578 1091 1682 'suscipiunt
1116 1611 1257 1663 recentes
1282 1603 1415 1662 omnium
1435 1602 1493 1662 sub

285 1717 327 1781 10
349 1721 471 1780 nomine
488 1728 714 1796 geometrarum
736 1721 952 1800 stupidissimi,
971 1719 1225 1799 quemadmodum
1253 1727 1283 1780 et
1304 1740 1397 1799 super
1414 1719 1495 1798 posi·

348 1845 411 1895 tam
430 1836 627 1914 perimetrum
646 1846 777 1914 possunt
807 1838 959 1916 accipere3
987 1837 1030 1895 ita
1057 1846 1091 1896 ut
1119 1836 1214 1897 ferme
1243 1857 1297 1915 pro
1319 1835 1427 1895 eodem
1444 1835 1495 1894 ha-

347 1954 442 2012 beant
458 1954 548 2013 unius
566 1961 657 2029 atque
676 1955 803 2014 alterius
821 1955 1012 2031 divisionem,
1036 1956 1157 2031 iamque
1183 1973 1400 2031 usquequaque
1417 1953 1496 2012 divi-

349 2068 438 2128 sibile
450 2090 509 2128 non
522 2070 653 2148 amplius
667 2070 817 2130 individui
827 2080 921 2146 atque
932 2071 1066 2149 termini,
1079 2071 1135 2130 sed
1145 2072 1237 2149 longe
1249 2069 1496 2132 dimensionatis-

350 2183 417 2245 simi
432 2185 581 2246 rationem
599 2187 738 2266 accipiat.
757 2188 911 2265 Angulum
925 2209 981 2266 pro
995 2189 1099 2265 anguli
1111 2188 1234 2265 virtute,
1246 2187 1365 2265 inquiet
1384 2184 1495 2262 aliquis

285 2297 326 2360 li)
351 2302 388 2361 de
407 2303 618 2364 solertissimis
636 2305 880 2382 excusatoribus,
899 2304 969 2382 qnia
987 2306 1018 2364 in
1035 2325 1071 2365 eo
1089 2306 1197 2365 maiori
1214 2314 1305 2382 atque
1322 2304 1432 2366 minori
1452 2305 1495 2363 in-

349 2420 522 2480 clinationis
539 2422 669 2481 termino
693 2422 904 2501 amplitudinis
922 2422 988 2483 eius
1002 2424 1086 2484 basis
1105 2425 1195 2503 (quae
1212 2423 1383 2498 subtendit)
1402 2442 1495 2482 causa

349 2535 545 2613 conspicitur.
561 2537 630 2614 Sed,
648 2538 784 2616 obsecro,
800 2560 839 2598 an
851 2552 1017 2618 propterea
1033 2539 1162 2616 angulus
1180 2559 1256 2599 unns
1274 2539 1345 2618 plus
1360 2559 1448 2616 quam
1463 2538 1495 2598 in

349 2655 426 2713 duas
450 2661 555 2731 partes
583 2655 646 2714 ulla
666 2656 785 2716 ratione
807 2655 951 2716 dividuus
979 2656 1166 2735 accipietur?
1187 2655 1342 2732 Numquid
1359 2654 1492 2715 omnium

350 2792 427 2848 qnae
445 2772 543 2849 campi
561 2771 712 2832 divisione
729 2773 970 2851 multiplicantur
988 2775 1118 2852 partium
1133 2794 1210 2834 unus
1227 2773 1280 2834 illc
1297 2782 1429 2852 punctus
1443 2794 1494 2851 po-

283 2885 327 2947 20
349 2890 422 2949 terit
439 2907 507 2948 esse
526 2889 699 2950 terminus?

429 4313 446 4361 1
467 4305 527 4367 Hic
545 4306 601 4367 tibi
625 4327 684 4368 non
702 4303 859 4384 angulum,
876 4304 932 4368 sed
954 4312 1051 4367 totum
1077 4304 1175 4388 ipsius
1201 4303 1344 4370 diametri
1372 4307 1428 4369 AB
1451 4310 1490 4370 si·
1504 4305 1653 4384 p.106

350 4445 419 4483 num
437 4425 604 4503 constitue,
622 4433 657 4486 ut
674 4445 690 4485 e
712 4432 825 4502 puncto
843 4424 868 4484 0
894 4432 1044 4502 quotquot
1067 4425 1185 4505 poteris
1206 4427 1336 4504 angulos
1357 4428 1491 4507 partium
