3428 5138
344 420 405 479 270
640 433 779 478 reamur
800 434 901 477 1111111
922 434 967 477 rm
988 432 1127 492 11111110,
1146 430 1190 476 rr.

345 592 504 677 Namque
522 591 649 679 triplex
667 597 806 656 tantum
823 590 998 656 concurrit
1017 589 1184 654 dimetrus
1202 610 1333 672 unum,
1463 613 1489 652 15

346 709 389 773 In
404 715 587 796 punctum,
608 715 647 774 ut
666 715 780 774 rectus
800 707 865 773 siet
883 706 1031 793 angulus
1050 705 1204 790 undique
1223 710 1394 770 constane.

219 2140 233 2168 ι
305 2145 311 2159 ·
352 2101 451 2166 Adde
470 2108 509 2166 ut
525 2100 600 2188 ipsa
616 2121 748 2185 monae,
768 2098 842 2166 dias
861 2103 896 2165 et
912 2096 997 2166 trias
1013 2102 1048 2164 et
1066 2103 1174 2164 tetras
1194 2119 1295 2162 omne

351 2214 567 2303 Principium
586 2215 750 2282 referunt.
771 2216 892 2282 Mones
911 2222 963 2282 est
982 2237 1105 2302 nempe
1124 2211 1284 2280 omnibus
1301 2211 1337 2276 id
1356 2210 1448 2296 quod

307 2329 329 2392 ὅ
351 2333 594 2421 Praepositum
610 2340 661 2401 est
676 2335 838 2421 simplos,
855 2335 911 2401 cui
929 2357 993 2423 par
1007 2334 1160 2422 primum
1175 2332 1257 2397 hinc
1273 2330 1347 2396 dias
1366 2328 1496 2412 adstat,

353 2449 447 2516 Hinc
466 2450 551 2517 trias
570 2458 622 2516 est
640 2450 755 2538 impar
769 2451 938 2538 primum,
958 2452 1181 2537 sequiturque
1200 2447 1324 2514 deinde
1472 2474 1499 2513 1ο

352 2564 590 2653 compositum
609 2589 651 2632 ex
669 2567 746 2633 istis
765 2568 916 2633 referens
932 2575 1049 2633 tetras⁸
1066 2567 1118 2631 Ac
1137 2563 1277 2631 monadi
1295 2572 1367 2629 tres

353 2682 518 2748 Adiectae
533 2683 669 2749 numeri
685 2683 814 2770 species
831 2685 1006 2771 complent
1025 2683 1162 2749 decadis
1184 2682 1253 2748 vim

354 2797 579 2863 Claudentem
597 2821 757 2865 numeros
778 2820 908 2883 omnes,
927 2822 1110 2865 numerum
1129 2818 1364 2864 numerorum.

289 2905 332 2968 10
353 2913 447 3000 Ergo
466 2913 527 2980 ubi
546 2914 588 2979 de
603 2915 746 2981 minimo
766 2922 933 3001 tanquam
953 2915 1098 2982 monade
1117 2916 1154 2980 in
1173 2936 1299 3002 genere
1318 2912 1386 2977 isto

354 3029 534 3118 Completa
552 3037 604 3096 est
622 3032 722 3097 nobis
742 3033 944 3120 speculatio,
961 3055 1033 3099 non
1051 3032 1214 3099 violanda
1474 3056 1501 3095 25

354 3147 531 3232 Perquirit
550 3146 654 3213 series
673 3147 812 3214 defluxu
828 3147 942 3214 dicere
960 3148 1095 3235 puncti,

356 3262 504 3328 Nomine
523 3285 591 3349 quo
611 3263 733 3349 quanti
752 3263 921 3331 dimensio
939 3265 1053 3351 prima
1072 3269 1225 3329 notatur.
1499 3271 1540 3333 P·
1560 3255 1659 3318 132

356 3379 424 3446 Sed
439 3382 536 3469 prius
552 3388 604 3447 est
623 3403 746 3469 operae
765 3381 854 3448 sacri
872 3382 1065 3470 penetralia
1083 3380 1191 3448 fontis

292 3495 332 3559 lo
356 3497 411 3562 Ire
430 3499 634 3582 salutatum,
654 3505 689 3564 et
704 3498 873 3564 libamina
890 3521 1029 3586 carpere
1047 3498 1174 3586 prima,

357 3614 502 3692 Quando
518 3615 673 3681 infinitas
692 3616 835 3702 species,
855 3616 980 3702 quibus
997 3624 1071 3682 arte
1088 3637 1271 3702 vagamur,
1476 3641 1502 3678 so

356 3731 510 3797 Naturae
529 3731 572 3797 ad
592 3737 702 3797 certas
721 3731 873 3819 primum
889 3755 1050 3799 revocare
1068 3732 1201 3817 licebit,

359 3847 452 3925 Quas
471 3871 568 3913 mens
588 3847 701 3913 affinis
720 3849 840 3936 paucis
856 3849 1111 3937 complectitur,
1130 3871 1240 3934 usque

360 3966 417 4032 Ad
434 3972 586 4030 mentem
604 3965 754 4053 primam
773 3967 911 4032 numeri
930 3967 967 4032 in
986 3965 1134 4032 monade
1153 3965 1267 4031 omnis
1286 3964 1471 4030 habentem

293 4077 337 4141 ι20
360 4084 516 4149 Virtutes
536 4092 718 4171 actumque
738 4084 849 4150 simul.
870 4085 927 4149 Sic
943 4083 1062 4150 ordine
1081 4089 1175 4148 certo

361 4198 405 4263 Se
424 4220 586 4264 numerus
603 4198 772 4282 (monadis
790 4199 944 4287 pendens
963 4197 1108 4282 alonte)
1127 4206 1313 4286 propagat;
1479 4223 1506 4263 ar

455 4458 493 4509 12.
505 4457 536 4505 13
552 4455 662 4523 puncti.
678 4455 801 4507 Nomine
