3428 5138
345 398 404 456 202
653 406 793 452 rounam
813 405 915 450 auvru
935 404 980 449 nu
1000 402 1135 466 ummo,
1157 403 1191 447 11.

346 568 499 632 Naturae
518 569 553 628 et
569 561 714 644 mentis;
735 560 816 645 quia
832 566 990 625 centrum
1008 565 1151 644 tangere
1169 580 1242 623 non
1260 563 1325 641 est,

348 683 427 747 Non
445 680 567 765 illique
585 700 702 766 parem
722 685 851 743 rectam
870 676 1012 742 ductare
1030 674 1150 740 licebit

347 799 513 878 Rursum,
533 818 597 860 nec
615 815 752 860 rursum
772 815 814 858 ex
832 798 905 858 tcto
925 792 1127 877 contingere
1146 789 1302 873 eandem,

347 916 479 1000 Nempe
495 919 611 978 terens
627 910 746 976 eadem
766 932 885 976 rursus
903 908 1052 995 vestigia
1071 930 1220 996 prorsus.

303 1025 323 1088 5
347 1030 437 1095 Nam
453 1050 568 1093 rerum
589 1047 749 1092 numeros
768 1026 857 1091 alios·
873 1032 1048 1090 momenta
1063 1030 1243 1111 reportent

349 1144 510 1231 Singula,
531 1165 619 1228 quae
639 1141 741 1206 celeri
760 1142 856 1206 nulla
875 1140 1005 1206 virtute
1025 1139 1171 1221 coirent5

348 1261 489 1347 Organa
509 1263 569 1344 qul
586 1258 716 1346 poterit
735 1256 889 1344 reputari
909 1262 1029 1323 exacta
1047 1256 1182 1321 dedisse

348 1377 436 1442 Heio
452 1374 513 1441 ubi
528 1397 592 1440 nec
611 1374 726 1439 fluxus
746 1373 865 1439 eadem
884 1380 935 1438 est
951 1372 1133 1457 dimensi0,
1152 1379 1193 1438 ut
1212 1371 1293 1437 inde

349 1492 533 1557 Terminus
553 1514 572 1556 a
591 1490 724 1575 reliquo
744 1511 851 1576 aeque
870 1487 1017 1554 absistat
1038 1489 1093 1554 vel
1109 1490 1215 1554 semel
1235 1490 1345 1555 unus‘?

281 1608 324 1670 10
346 1607 505 1674 Crassior
523 1613 575 1673 est
594 1607 724 1672 etenim
743 1605 857 1672 fluxus
880 1605 991 1689 fluxu,
1012 1612 1053 1671 ut
1077 1627 1214 1691 quoque
1232 1606 1369 1693 pondus

345 1725 409 1790 Est
427 1722 582 1808 varium,
603 1721 768 1807 medium,
791 1721 984 1787 subiectum
1003 1728 1038 1786 et
1056 1721 1166 1786 millia
1185 1742 1314 1806 rerum,

348 1840 443 1918 Quae
462 1844 514 1904 est
533 1860 656 1925 operae
673 1844 714 1903 ut
732 1837 876 1904 veniant
893 1836 963 1902 huc
979 1836 1230 1903 concurrentia.
1247 1838 1319 1903 Nec
1338 1844 1373 1902 te

346 1956 506 2021 Circinus
523 1954 615 2020 haud
635 1953 747 2038 fallet,
768 1953 885 2020 veniet
900 1953 930 2019 si
949 1953 1090 2041 cuspide
1109 1976 1244 2040 semper

351 2072 408 2138 Sic
427 2071 495 2137 alia
514 2078 619 2157 atque
637 2070 719 2154 alia,
738 2071 836 2136 velut
855 2078 889 2136 et
909 2071 1118 2137 contractior
1136 2070 1204 2137 ibit

283 2189 325 2253 li)
348 2188 421 2253 Aut
440 2187 551 2274 magis
571 2195 745 2268 extensum
765 2186 936 2272 siquidem
955 2186 1030 2274 ipsa
1049 2186 1139 2253 acics
1155 2209 1255 2272 mage
1274 2193 1368 2254 recta

350 2305 536 2392 Vestigans
555 2305 700 2390 planum
719 2326 863 2369 numero
883 2327 953 2370 non
972 2304 1094 2389 attigit
1113 2303 1186 2388 illc,

351 2421 425 2498 (luo
445 2427 480 2484 et
499 2419 639 2504 obliqua
658 2419 778 2504 magis.
798 2418 945 2485 Variani
963 2419 1113 2505 vestigia
1132 2419 1233 2505 signi.

350 2537 529 2623 Corrigere
548 2536 662 2623 spacio
683 2540 760 2621 quit
779 2536 986 2600 rectificatcr
1005 2535 1043 2601 in
1062 2558 1145 2619 uno,

350 2653 403 2718 Ac
421 2653 451 2718 si
471 2652 521 2717 ibi
541 2652 587 2717 sit
604 2651 770 2738 primum,
792 2653 873 2736 quia
891 2651 1044 2738 primum
1063 2653 1217 2719 cernitur
1234 2653 1308 2719 illic

284 2768 328 2831 20
350 2769 474 2851 Error,
495 2790 559 2832 nec
578 2766 675 2833 videt
694 2773 734 2831 ut
752 2776 883 2854 puncto
903 2767 1002 2833 illum
1021 2768 1143 2834 sistere
1161 2769 1199 2833 in
1218 2770 1314 2835 omni

351 2884 510 2967 Accidat,
529 2905 747 2968 erroremque
763 2883 839 2949 idco
859 2885 1046 2950 transferre
1065 2894 1256 2973 repertum,

352 3001 609 3086 Multorumque
627 3022 735 3066 unum
755 3002 892 3066 cumulo
909 3023 1045 3088 quoque
1062 3003 1214 3088 corrigat
1232 3001 1334 3068 idem.

352 3114 508 3203 Namque
527 3116 659 3181 incerta
678 3116 792 3182 minus
812 3138 881 3181 non
900 3124 1045 3202 possunt
1064 3140 1150 3202 esse,
1172 3118 1355 3204 minusque

352 3234 455 3298 Falsa
472 3233 598 3318 quibus
616 3232 740 3317 reficit,
761 3255 894 3318 sensus,
914 3233 1018 3318 ratic,
1038 3234 1134 3318 ordo,
1155 3241 1326 3322 potestas,

287 3348 329 3411 ‘25
355 3348 595 3434 Suppositum,
615 3356 765 3436 tempus,
785 3372 926 3415 normae
945 3351 1041 3437 queis
1061 3352 1178 3417 credat
1197 3358 1343 3440 oportet.
1472 3382 1499 3421 ro

355 3463 421 3529 Sed
440 3486 551 3549 neque
575 3463 662 3530 falsa
682 3465 796 3531 minus
816 3467 949 3532 cunctis
968 3475 1048 3533 sunt
1068 3468 1205 3554 singula
1225 3491 1362 3551 ccrum3

357 3579 451 3656 Quae
470 3580 499 3645 si
518 3603 599 3645 vera
618 3580 745 3663 forent,
762 3580 859 3647 falsis
878 3582 1001 3648 fierent
1020 3605 1157 3671 quoque
1176 3583 1264 3650 falsa

356 3695 500 3780 Omnia,
520 3697 576 3762 vel
592 3696 621 3760 si
641 3719 762 3782 unum,
782 3698 838 3762 rel
857 3697 885 3762 si
905 3699 1123 3785 applicitatio
1143 3701 1242 3766 firma

355 3811 434 3876 Non
454 3811 533 3894 siet,
549 3819 589 3876 ut
608 3834 787 3898 nunquam
806 3835 964 3879 normam
982 3821 1158 3902 repetetur
1173 3815 1218 3881 ad
1242 3839 1356 3881 ruram.

289 3927 333 3989 30
356 3929 402 3992 Et
421 3948 541 3993 monas
560 3934 594 3993 et
610 3928 741 4014 paritas
760 3928 821 3994 ubi
840 3936 921 3994 sunt
940 3931 1088 3996 essentia
1108 3931 1273 4018 simplex,
1476 3959 1501 3999 a
1529 3947 1572 4009 p·
1587 3933 1659 3998 68

356 4041 443 4106 Heio
463 4045 603 4128 aequale
621 4050 721 4131 putes
740 4052 898 4111 exactum
918 4047 1202 4135 simpliciterque,

356 4157 398 4222 In
417 4159 558 4245 reliquis
577 4167 671 4228 certa
690 4169 728 4227 ut
747 4163 833 4227 serie
852 4171 933 4228 sunt
952 4164 1184 4251 ‹lcficirmtquo

359 4290 362 4294 .
384 4289 519 4297 -..—-..-
660 4294 896 4303 ...,..--,-...,-,..
910 4297 937 4301 ..-

417 4347 553 4414 ltcrcns]
570 4347 620 4409 sic,
638 4352 707 4399 cael
724 4366 747 4399 v.
763 4351 916 4417 precedente
930 4352 1047 4404 eandem
1065 4371 1111 4404 cca
1125 4355 1307 4421 pientescrmo
1371 4356 1498 4405 tarouca

357 4424 376 4475 Γ
385 4423 579 4491 interroputir'o
