3428 5138
462 449 507 493 nn
528 448 704 494 romonum
725 447 903 494 nausiam:
923 449 965 491 nr
986 448 1143 493 rievalle.
1315 432 1375 492 297

761 712 854 756 PARS.

234 879 340 968 Sique
358 881 471 949 minor
488 891 582 949 reeta
601 883 758 969 signetur
777 885 892 972 cuspis
910 890 1059 971 utroque

233 998 346 1066 Unius
365 1007 530 1083 extremo,
551 999 693 1066 semitae
711 1001 807 1067 volut
826 1002 989 1087 Erigonis
1009 1025 1076 1087 qua

234 1114 425 1180 Fortunam
444 1115 602 1200 attingit,
621 1123 724 1203 paeto
743 1117 808 1182 hoo
826 1117 919 1183 Iovis
938 1116 1070 1183 indicat
1088 1142 1184 1184 aram

190 1228 211 1291 5
234 1232 500 1317 Hermetemque
519 1232 620 1298 aliter
639 1233 944 1320 Ganymedemque
963 1241 1068 1319 atquo
1087 1235 1250 1318 Dianam3

235 1346 293 1411 Sic
311 1347 397 1412 alias
416 1347 517 1413 aliter
536 1347 737 1414 discrimina
756 1349 850 1414 mille
869 1350 1045 1415 subibunt.

234 1463 395 1550 Angulus
413 1464 477 1530 hoo
496 1467 612 1531 firmat
631 1466 804 1533 discussus
823 1489 884 1553 per
903 1467 1131 1532 Zoroastrem.

739 1705 878 1756 ovrnlul.

235 1879 284 1944 Ut
304 1877 414 1963 magis
433 1884 602 1963 angustae
622 1876 735 1941 minor
754 1877 901 1962 angulus
920 1885 972 1941 est
991 1878 1084 1944 basis
1104 1877 1221 1964 index,

171 1985 213 2051 10
236 1993 346 2058 Maior
367 1991 506 2058 maioris
524 1998 622 2079 patet
640 1991 807 2078 undiqne,
828 2016 930 2078 seque
949 1993 1101 2060 vicissim

235 2109 420 2174 Insinuant
438 2109 546 2175 veluti
567 2107 761 2174 consistunt
780 2131 881 2174 eausa
899 2108 1065 2192 vicissim,

237 2228 357 2312 Aequo
377 2233 417 2292 ut
436 2227 614 2292 subtraoto
633 2232 813 2291 remanent
831 2226 1025 2291 rationibus
1044 2227 1172 2311 aequis.

237 2343 390 2428 Quisque
409 2342 590 2429 sigillatim
610 2349 858 2408 commonstrat
877 2343 912 2407 iu
932 2343 1085 2429 undique
1104 2343 1235 2430 oyoluS,

236 2458 365 2547 Aptius
384 2460 448 2525 hoo
468 2460 602 2524 eunetis
620 2458 750 2546 poterit
769 2458 898 2524 olarare
918 2458 1062 2543 Politen,

173 2573 213 2636 li)
237 2575 382 2652 Quando
400 2577 438 2641 in
457 2576 596 2642 maioris
616 2584 749 2665 partem
769 2577 881 2642 minor
899 2577 1047 2662 angulus
1066 2575 1146 2661 ibit,

237 2693 280 2758 In
297 2701 500 2781 partemque
519 2695 610 2760 basis
630 2695 768 2761 maioris
787 2695 894 2781 iungo
914 2694 1091 2760 minorem.

767 2932 857 2978 PARS.

238 3105 337 3182 Quod
356 3106 505 3170 luterum
524 3126 667 3170 numero
687 3111 748 3170 aut
766 3104 915 3191 geminis
934 3113 986 3170 eet
1006 3105 1162 3171 eruribus
1182 3128 1330 3193 aequum

238 3223 281 3288 In
299 3222 430 3310 duplici
449 3221 660 3308 triquetrum
678 3221 791 3310 speeie
810 3221 927 3287 docet·
939 3222 1012 3287 Ista
1031 3221 1181 3288 Pericles

171 3336 216 3398 ‘20
239 3339 443 3424 Confirmat,
465 3339 521 3405 eui
539 3339 810 3426 aelstipulabitur
829 3339 944 3411 Herus
964 3345 998 3403 et
1017 3340 1177 3423 Hermes,

238 3455 290 3521 Do
309 3455 422 3521 tribus
441 3455 478 3520 in
499 3478 704 3542 quacunque
721 3455 815 3522 voles
835 3455 1022 3543 spectando
1042 3456 1163 3540 figura.

746 3718 876 3764 menan.

240 3903 398 3991 Iuppiter
417 3909 452 3967 et
470 3900 628 3966 Charites
648 3923 725 3965 oum
744 3900 881 3965 Tellure
899 3899 1117 3985 Erigoneque
1357 3927 1384 3966 m

239 4022 318 4088 Non
338 4021 448 4086 maius
467 4017 641 4106 complent
660 4017 813 4105 spacium
834 4040 936 4102 quam
955 4016 1123 4099 Baeolms,
1141 4014 1281 4103 Apollo,

172 4128 215 4192 ‘25
240 4137 468 4226 Euphrosyne
487 4144 592 4222 atque
610 4134 741 4201 Charin.
761 4132 971 4199 Monetrubit
991 4132 1093 4199 Iason
1112 4133 1299 4218 Amyntae,

240 4254 346 4340 Sique
364 4252 457 4318 voles
476 4251 597 4317 itidem
616 4251 745 4338 poterit
764 4257 939 4338 praestaro
959 4249 1116 4315 Pericles,

244 4399 681 4410 -——.-—...-.....--—
710 4398 859 4404 ----.
895 4398 920 4403 -.
934 4397 1018 4403 ---.
1026 4396 1055 4402 ....
1070 4391 1379 4402 ..--------

332 4466 362 4514 ll
378 4463 499 4527 Polytos
562 4463 593 4511 ’ὦ
610 4461 774 4525 Amynthas

375 4578 449 4618 lluuru
469 4576 523 4627 opp.
536 4577 576 4614 tet.
590 4576 608 4626 1,
620 4577 641 4614 3.
1196 4571 1223 4610 aa
