3428 5138
529 418 847 466 cournurrurrouas
867 419 911 463 ux
934 420 1065 466 ummo.
1312 403 1368 464 ‘231

187 621 189 623 >
221 576 428 641 Continuam
448 574 622 642 adtactam
640 581 778 662 reputet
798 597 902 661 quam
921 581 973 641 est
991 575 1082 640 linea
1100 575 1274 662 tangens?

221 694 438 779 Quapropter
456 692 578 757 melius
594 698 664 757 stat
680 714 781 756 sensu
796 690 922 777 dogma
942 691 1143 777 tenendum,

221 807 450 894 Praecipitem
468 828 621 872 errorum
641 830 684 871 ne
700 805 866 873 suffocare
885 828 946 893 per
964 829 1116 893 amnem,

221 927 270 993 Ut
289 932 370 990 suut
388 923 507 989 finitae
523 929 638 1011 partes
657 924 717 1010 qui
736 924 1010 1011 continuantque

177 1043 198 1106 ὗ
221 1042 326 1108 Fines
345 1049 380 1106 et
399 1048 512 1107 tactus
530 1041 637 1124 finiti,
658 1041 696 1106 ui
712 1040 758 1106 sit
777 1047 811 1106 et
830 1063 920 1107 unus

222 1159 429 1241 Continuam,
451 1158 510 1244 qui
529 1180 600 1224 non
618 1140 761 1224 numero
778 1157 838 1224 sed
856 1159 944 1224 mole
962 1157 1117 1243 requirat

221 1274 349 1340 Mentis
365 1273 409 1340 ad
428 1295 571 1339 examen
590 1295 709 1339 sensus
728 1280 937 1359 captumque
953 1273 1081 1338 venire.

220 1392 266 1456 Et
285 1413 366 1456 sane
385 1389 449 1456 hoo
468 1389 565 1455 decet
584 1412 657 1456 esse
672 1388 797 1474 magis3
818 1388 900 1474 quia
918 1410 989 1455 non
1005 1412 1115 1475 genus
1131 1412 1239 1455 unum
1386 1409 1426 1470 p.
1443 1395 1513 1457 93

220 1511 392 1597 Perpetuo
412 1515 472 1574 aut
488 1508 600 1574 simile
619 1530 691 1574 esse
709 1512 837 1595 potest,
853 1506 959 1572 moles
978 1529 1218 1594 numerusque.
1342 1536 1369 1576 aa

156 1629 198 1693 10
220 1629 299 1695 Non
318 1629 355 1694 in
375 1628 540 1695 continuo
560 1628 609 1693 sio
628 1634 710 1694 sunt
727 1627 875 1692 discreta
894 1632 1049 1714 reperta3

220 1745 312 1811 Illud
331 1745 423 1810 euim
441 1751 481 1810 ut
496 1767 605 1810 unum
621 1743 702 1811 dum
718 1749 915 1830 perseverat
934 1741 1106 1829 idemque,

220 1860 418 1947 imparibus
436 1859 646 1946 paribusque
664 1858 767 1925 tomis
782 1857 880 1924 venit
898 1857 1139 1944 accipiendum

221 1977 387 2042 Maiorem
406 1976 450 2041 ad
465 1975 605 2041 libitum
625 1997 806 2040 numerum
825 1997 1074 2060 numerumque
1093 1975 1269 2042 minorem.

220 2091 382 2157 Materies
400 2091 518 2156 eadem
537 2090 727 2178 specierum
747 2090 901 2155 millibus
921 2113 1003 2177 ergo

157 2220 196 2282 15
220 2209 393 2293 Cuiusque
411 2208 556 2274 arbitrio
576 2207 710 2272 numeri
729 2206 945 2294 dispescitur.
965 2206 1076 2293 Atqui
1093 2215 1145 2274 est

220 2325 372 2391 Definita
389 2325 473 2390 satis
492 2323 626 2390 numeri
645 2322 699 2389 vis
717 2322 885 2408 undique,
906 2345 1055 2390 necnon

220 2443 298 2509 Uua
318 2450 369 2507 est
389 2441 559 2506 duntaxat
578 2462 680 2505 eausa
700 2439 836 2521 intima,
856 2461 942 2525 quae
960 2440 1089 2507 rationi

220 2559 291 2627 Uni
311 2559 470 2624 deservit.
490 2558 650 2625 Deseruit
666 2556 820 2623 millibus
840 2556 953 2644 ipsum

220 2676 444 2761 Contiuuum,
462 2684 501 2742 ut
518 2676 635 2764 praxis
654 2675 781 2742 rationi
801 2697 977 2742 occurrere
995 2675 1094 2763 vulgi

153 2799 197 2863 ‘20
220 2793 416 2860 Consuevit.
436 2794 542 2860 Pono
562 2793 716 2860 subiecta
734 2791 891 2880 potentia
907 2815 977 2858 non
997 2799 1049 2859 est

218 2911 372 2977 Naturae
390 2912 566 2999 ancipitia
587 2912 669 2997 quia
688 2922 781 2977 certa
797 2909 945 2977 essentia
964 2932 1079 2976 rerum
1098 2918 1149 2977 est

219 3028 264 3091 Et
280 3034 457 3112 numerus,
477 3029 573 3094 velut
592 3037 643 3094 est
661 3028 740 3111 hoc,
759 3027 848 3112 heio,
869 3050 971 3092 nune.
991 3025 1081 3093 Dein
1101 3050 1203 3115 super
1219 3053 1319 3097 omne

220 3142 282 3208 Est
301 3143 492 3228 infinitum,
509 3166 642 3227 verum,
664 3167 723 3208 eus
743 3165 918 3228 unumque
938 3143 1147 3230 bonumque,

219 3264 335 3347 Atque
355 3285 473 3328 monas
492 3286 607 3328 rerum
626 3269 828 3328 cunctarum
847 3260 995 3327 essentia
1012 3268 1046 3325 et
1066 3283 1147 3326 osse.
1339 3290 1367 3328 so

153 3379 196 3443 ‘25
220 3377 348 3443 Iceireo
364 3379 509 3444 stultum
528 3386 579 3444 est
600 3378 706 3445 oeulis
731 3400 931 3464 comprensa
949 3385 1086 3465 putare,

221 3494 441 3578 Quacumque
462 3495 499 3559 in
518 3494 652 3560 ratione
672 3495 761 3559 sient
780 3502 814 3558 et
834 3493 990 3559 sensibus
1009 3501 1105 3581 apta,

219 3607 297 3672 Nou
315 3608 416 3673 certis
436 3609 601 3691 numeris,
621 3631 690 3674 nou
711 3616 802 3673 certo
819 3609 887 3673 fine
906 3615 1087 3674 tomorum.

300 3853 332 3914 Si
363 3865 463 3917 taetus
492 3866 540 3918 est
561 3858 591 3916 in
620 3866 731 3937 puncto
759 3867 851 3934 atque
879 3860 1053 3939 continuus,
1083 3881 1138 3922 neo
1159 3883 1219 3923 uon
1247 3863 1364 3943 paritor

221 3973 365 4031 coruiuua
382 3982 453 4034 suut
470 3983 600 4051 tangens
617 3983 707 4051 atque
719 3982 847 4053 tactum,
865 3983 897 4036 et
908 3996 968 4036 non
984 3977 1124 4056 pluribus
1138 3978 1223 4057 plani
1240 3981 1362 4059 punctis

155 4098 198 4157 :ut
223 4109 312 4147 unum
335 4090 418 4150 curvi
437 4099 581 4168 punctum
599 4092 757 4168 incumbit3
774 4100 897 4171 oportet
913 4093 1055 4154 nimirum
1073 4114 1178 4157 omnes
1196 4115 1272 4173 quae
1292 4105 1362 4157 sum

221 4227 239 4263 a
256 4204 387 4264 minimis
406 4206 454 4265 rel
477 4215 509 4265 ut
531 4207 608 4266 libat
629 4227 665 4267 ex
687 4228 720 4269 so
743 4217 847 4286 partes
868 4209 913 4270 ita
935 4230 969 4271 se
996 4210 1139 4272 continue
1160 4211 1295 4273 vicissim
1316 4222 1361 4273 at·

222 4320 352 4397 ringere,
372 4330 405 4380 ut
423 4342 482 4380 uou
499 4322 672 4383 mechauice
690 4333 820 4401 tanturn,
839 4325 894 4386 sed
913 4334 944 4387 et
965 4346 1002 4387 ex
1025 4327 1214 4388 naturalibus
1231 4328 1362 4391 rationa-

221 4435 292 4496 liter
309 4445 421 4499 rectam
447 4459 557 4500 curvae
582 4440 737 4520 aequalem
760 4440 988 4521 concludamus,
1007 4443 1058 4505 ubi
1082 4454 1280 4528 supertecta
1302 4447 1359 4511 AB
