3428 5138
569 459 613 505 mo
633 459 745 505 nmnss
766 457 973 504 nxrsnnnnm.

201 615 392 697 Quantum,
412 620 557 681 naturae
575 635 745 701 nusquam
765 612 913 699 vestigia
928 613 1093 695 lustrans,

200 728 380 814 Nusquam
399 730 459 794 illa
477 729 666 816 attingens,
687 751 757 796 non
776 728 856 794 ullis
875 726 1025 793 sortibus
1041 746 1192 810 aequans

201 844 360 926 (Quidvis
380 851 582 930 contrectet)
602 845 736 932 quoties
754 866 816 932 per
834 845 938 909 inane
956 847 1104 928 vagatur

200 960 312 1027 Extra
331 961 403 1027 eius
422 961 546 1046 lucem,
566 960 676 1027 levius
696 983 800 1047 quam
818 958 952 1026 somnia
970 963 1137 1042 tractans,

156 1079 178 1144 b
200 1078 308 1167 Copia
328 1081 384 1146 cui
402 1102 505 1166 aegra
524 1081 598 1145 sine
618 1079 685 1145 fine
703 1102 724 1145 a
742 1084 858 1144 mente
876 1075 990 1143 refusa
1006 1081 1066 1141 cst.

290 1195 416 1263 Sectile
431 1203 471 1262 ut
489 1196 666 1282 integrum
685 1196 852 1282 quidnam
871 1193 938 1260 tibi
954 1191 1083 1259 sectilis
1102 1191 1271 1279 estpars?
1317 1217 1344 1258 es

202 1314 314 1392 Quare
333 1313 471 1380 infinito
490 1315 632 1400 aequale
650 1321 714 1399 est,
735 1313 860 1398 maine,
878 1313 1007 1396 minus,
1026 1309 1194 1396 aequum?

202 1432 316 1510 Quum
335 1432 507 1498 modicum
526 1455 776 1520 quamcumque
794 1432 862 1499 tibi
881 1431 1051 1519 capiatur,
1070 1435 1207 1518 oportet
1364 1439 1405 1502 p.
1419 1425 1490 1490 25

201 1548 355 1615 Alterius
374 1549 503 1636 parteis
523 1549 679 1635 quamvis
699 1548 838 1615 maioris
855 1547 1036 1633 adaequet3

139 1665 181 1730 10
202 1665 394 1732 Dimidium
413 1666 493 1749 toti,
513 1666 717 1753 integroque
736 1666 877 1754 aequale
895 1666 1039 1748 feretum

202 1782 338 1870 Quippe
358 1782 462 1848 etiam
480 1806 560 1871 pars
578 1784 663 1850 haec
682 1783 818 1869 quando
838 1781 1020 1849 adiicietur
1037 1779 1081 1846 ad
1100 1777 1208 1862 illam,
1317 1805 1344 1845 sc

202 1897 337 1963 Efficiet
357 1905 469 1965 totum
488 1898 607 1964 maius.
627 1896 665 1963 Si
683 1897 832 1983 denique
849 1903 963 1963 totum

202 2012 360 2078 Finitum
379 2012 511 2092 videas,
531 2034 674 2078 curnam
691 2011 821 2100 parteis
840 2011 915 2078 sine
933 2010 1002 2076 fine

203 2127 358 2193 Asseris?
377 2127 435 2193 An
454 2128 539 2194 tales
558 2128 687 2215 poteris
707 2127 902 2214 confingere
920 2126 1064 2214 parteis,

139 2253 181 2318 15
205 2244 371 2322 Qualibus
390 2245 533 2311 adiectis
551 2251 700 2331 nequeat
718 2246 933 2312 subcrescere
951 2242 1087 2310 totum?

204 2362 311 2429 Porro
330 2362 458 2429 sivero
478 2369 611 2450 partem
630 2363 683 2429 vis
702 2363 841 2430 nomine
860 2361 942 2443 dici,

205 2477 386 2544 Adiectam
404 2479 493 2544 hanc
509 2479 587 2545 aliis
605 2479 716 2545 maius
735 2500 874 2545 causare
893 2476 1038 2543 refirma.

206 2592 304 2670 Quod
324 2593 352 2659 si
371 2592 440 2658 iam
459 2593 600 2659 tandem
619 2593 719 2660 finita
738 2599 790 2660 est
809 2592 960 2659 maxima
978 2590 1102 2674 moles,

205 2707 275 2772 Cur
294 2707 368 2772 sine
387 2707 455 2774 fine
473 2708 603 2775 audent
621 2708 765 2775 minima
783 2706 998 2795 integrantia
1016 2704 1107 2771 dici?

139 2831 184 2895 20
294 2824 372 2889 Huc
390 2848 471 2911 ergo
490 2825 652 2892 obtutum
671 2827 759 2915 male
778 2825 919 2893 adactae
937 2821 1109 2890 advertito
1129 2820 1267 2904 mentis,

207 2936 281 3014 Quo
300 2945 483 3024 postquam
501 2939 585 3006 haec
601 2941 695 3007 noris
714 2940 825 3007 maius
843 2938 1033 3007 statuentia
1052 2932 1221 3023 quantum
1320 2963 1347 3002 ιο

208 3053 352 3131 Quando
371 3055 552 3141 sigillatim
568 3057 705 3145 integro
724 3057 963 3146 adponuntur,
983 3062 1017 3121 et
1037 3053 1130 3121 istud

207 3168 286 3235 Non
305 3169 492 3254 infinitum,
507 3171 565 3236 sed
584 3180 677 3238 certa
696 3172 852 3259 margine
868 3173 1036 3254 clausum3

208 3285 260 3350 Ne
279 3293 415 3374 reputes
434 3287 484 3352 rei
501 3287 674 3354 subiectae
693 3312 735 3355 ex
753 3298 852 3377 parte
870 3289 1015 3377 perenni

142 3411 185 3474 25
208 3401 375 3468 Discursu
395 3402 537 3468 scissum
556 3403 705 3470 discindi
723 3429 823 3493 posse
841 3405 1002 3489 subinde,

208 3518 258 3584 Ut
276 3526 391 3606 partes
410 3519 484 3584 sine
503 3520 571 3585 fine
591 3529 719 3605 queant
738 3521 917 3588 succedere
934 3521 1043 3608 parti;

210 3634 276 3701 Sed
296 3636 441 3703 rationis
459 3637 525 3701 erit
544 3637 618 3703 sine
634 3645 748 3704 mente
766 3638 935 3724 modoque
953 3644 1105 3726 potestas

210 3751 358 3838 Fingere
378 3752 418 3817 de
438 3752 547 3819 nihilo
567 3776 726 3820 numeros
745 3754 909 3821 solvendo
929 3753 1054 3838 soluta,

210 3871 277 3936 Pro
297 3872 397 3937 libito
417 3871 620 3937 immensum
641 3873 751 3938 centri
770 3873 953 3940 tribuendo
972 3871 1146 3962 profundo

145 3992 188 4055 80
211 3988 389 4070 Continui,
410 3989 506 4054 cuius
525 3989 660 4055 finitam
679 3989 820 4077 respicit
839 4012 949 4073 oram;

211 4104 263 4170 Ao
281 4128 351 4170 non
370 4105 512 4172 adiectis
531 4106 653 4172 iisdem
672 4107 717 4171 sit
736 4106 894 4194 partibus
913 4111 1062 4173 auctum.
1324 4133 1350 4172 so

300 4220 414 4297 Quare
434 4220 572 4287 infinita
589 4221 685 4306 haec,
706 4245 793 4308 quae
812 4230 893 4288 sunt
911 4221 1076 4289 facientia
1095 4220 1225 4305 maius,

212 4335 356 4421 Singula
373 4336 510 4402 linitum
530 4337 707 4424 integrant
723 4347 797 4405 tum
816 4339 964 4424 denique
980 4338 1113 4405 totum?

254 4477 306 4540 8s.
323 4449 608 4543 ‹qducunquot'wlb
624 4452 835 4531 subscrasoare-
853 4452 861 4458 ⁸
885 4452 967 4530 82.Βὸ
981 4452 1075 4530 maius
1089 4448 1349 4544 slffimffluimm
