3428 5138
519 432 672 479 aamcvm
694 428 865 478 nnvaasvs
885 428 1152 476 narusmmcos.
1368 416 1403 472 11

354 607 399 672 Π.
424 606 524 686 Quod
552 607 682 673 nullius
706 614 758 673 est
780 607 925 693 figurae,
949 628 1020 672 nen
1039 612 1091 670 est
1106 605 1302 686 minimum;
1326 627 1407 691 pars

265 755 390 821 nempe
409 732 522 800 omnis
540 732 686 799 alicuius
705 738 757 798 est
776 732 917 818 figurae.

352 857 417 925 ΙΠ.
441 858 625 924 Minimum
648 859 775 946 primo,
799 856 1039 945 principaliter
1061 863 1096 922 et
1119 855 1322 943 simpliciter
1346 854 1409 920 cir-

264 988 361 1055 culus
380 993 445 1069 est,
464 985 622 1074 proxime
640 985 837 1072 triangulus
856 984 1067 1051 curvilineus
1085 1006 1258 1050 recurvus.

222 1119 244 1184 5
354 1115 414 1183 IV.
438 1114 624 1181 Minimum
647 1114 690 1181 ad
713 1114 910 1203 proximum
935 1112 1172 1201 compositum,
1197 1133 1268 1177 ncn
1292 1117 1407 1176 autem

264 1240 308 1306 ad
326 1247 436 1307 tetam
455 1240 733 1327 magnitudinem
752 1263 832 1328 pars
852 1245 915 1307 est:
938 1245 1094 1306 centrum
1113 1260 1237 1325 nempe
1261 1236 1409 1303 absumi·

263 1374 322 1435 tur
339 1367 495 1456 physice,
514 1367 735 1454 geometrice,
756 1368 879 1455 optice.

352 1494 393 1560 V.
418 1494 598 1579 Centrum,
622 1495 786 1561 minimus
809 1518 908 1562 arcus
936 1504 971 1561 et
998 1495 1143 1561 minima
1166 1495 1293 1562 chorda
1316 1495 1407 1560 idem

264 1626 346 1686 sunt
357 1626 393 1686 et
404 1621 575 1707 aequalia;
595 1620 687 1687 idem
707 1643 842 1708 quoque
860 1628 895 1688 et
914 1621 1071 1707 aequalia
1086 1620 1283 1709 peripheria
1299 1621 1407 1688 maxi-

198 1750 243 1814 10
264 1767 321 1811 ma
350 1751 386 1810 et
414 1746 585 1813 maximus
620 1746 799 1831 diameter,
834 1747 1006 1814 maximus
1044 1769 1142 1813 arcus
1184 1753 1218 1811 et
1257 1746 1407 1812 maxima

264 1870 399 1938 chorda.

686 2043 984 2116 Coaoummvn.

352 2221 473 2287 Partes
493 2243 574 2307 ergo
594 2221 714 2308 anguli
733 2221 845 2303 (iuxta
863 2222 1004 2288 tertiam
1020 2222 1323 2308 significationem)
1343 2245 1406 2287 un·

264 2346 368 2434 dique
383 2348 553 2416 rationem
572 2348 703 2416 habent
723 2349 766 2416 ad
784 2356 902 2437 partes
921 2350 959 2415 in
977 2350 1184 2437 peripheria.

198 2662 241 2726 15
352 2653 412 2720 VI.
436 2653 638 2720 Resclventi
659 2654 702 2723 ad
721 2654 904 2720 minimum
923 2676 985 2742 per
1004 2655 1132 2721 similes
1157 2663 1191 2720 et
1213 2656 1405 2742 proportio-

264 2779 360 2845 nales
378 2786 495 2866 partes
514 2786 567 2845 est
590 2781 770 2860 transitus,
795 2787 834 2847 ut
856 2780 921 2847 hoc
944 2781 1065 2846 ordine
1087 2780 1232 2846 minima
1266 2780 1405 2846 taudem

263 2929 406 2974 numere
425 2907 463 2973 in
482 2929 518 2973 se
536 2906 651 2995 ipsum
674 2907 800 2975 reflexo
823 2931 886 2996 per
908 2909 1144 2996 proximarum
1167 2909 1321 2997 partium
1340 2884 1406 2976 hu-

263 3055 395 3101 merum
414 3033 638 3101 deducantur.

352 3161 431 3227 VII.
455 3161 640 3227 Minimum
659 3159 799 3248 duplex,
815 3158 957 3248 physice
974 3184 1033 3228 seu
1049 3161 1266 3249 simpliciter,
1287 3170 1321 3228 et
1340 3187 1409 3229 ma·
1433 3182 1463 3230 a
1477 3167 1529 3230 8¹·

195 3296 241 3364 20
262 3286 447 3354 thematice
466 3311 526 3356 seu
544 3288 588 3356 ad
605 3288 794 3371 hcminem;
818 3287 968 3374 primum
992 3293 1045 3353 est
1068 3310 1189 3372 unum,
1215 3290 1402 3356 secundum

261 3413 455 3501 multiplex.

517 3698 898 3778 THEOREMATA
927 3698 1143 3776 LINEAE.

349 3977 377 4044 1.
401 3979 592 4045 Probamus
619 4001 658 4044 ea
686 3999 775 4062 quae
798 3981 918 4041 extant
947 3975 1039 4062 apud
1074 3975 1261 4041 Euclidem.
1293 3976 1401 4041 Primi

258 4124 358 4193 prop.
378 4106 408 4171 7.
429 4105 480 4170 13.
502 4105 553 4170 15.
573 4105 626 4169 33.

192 4251 237 4317 25
350 4233 396 4300 11.
419 4232 608 4298 Parallelae
631 4231 743 4298 lineae
767 4254 845 4298 cum
869 4231 973 4297 tertia
995 4230 1159 4317 parallcla
1183 4236 1316 4295 etcum
1343 4253 1401 4295 an-

260 4363 351 4452 gulis
380 4362 523 4430 alternis
546 4368 581 4427 et
604 4360 773 4449 oppositis
796 4360 997 4447 aequalibus
1021 4357 1065 4423 ad
1092 4381 1127 4423 sc
1155 4357 1210 4424 vel
1241 4358 1284 4423 ad
1314 4358 1399 4424 (luca
