3428 5138
368 392 426 458 252
660 409 799 459 rounam
821 407 922 458 samu
944 413 988 456 nn
1009 410 1146 474 nmmo,
1171 409 1218 458 111.

366 570 484 636 Portio
503 593 565 656 per
580 576 693 636 totum
709 570 844 636 vicibus
863 593 922 635 sex
938 570 1041 636 unica
1060 569 1157 635 denis

366 684 534 750 Ostendet
554 690 660 772 quota
681 685 726 751 sit
744 708 824 772 pars
844 685 962 752 totius.
980 686 1074 751 Hinc
1093 708 1230 771 quoque
1250 687 1361 774 partis

296 863 299 873 ,
366 799 551 887 Accipiens
570 807 705 887 partem
723 801 854 882 videat,
876 806 961 885 quot
981 800 1094 887 prima
1113 801 1250 866 minuta

367 913 545 999 Exaequet
564 916 676 1002 partis
694 915 840 1002 primae3
860 915 958 1000 sique
977 915 1057 980 inde
1077 916 1229 1002 supersit

322 1034 343 1097 5
368 1029 562 1116 Quicquam
581 1031 673 1117 quod
693 1031 794 1096 certis
814 1037 865 1096 est
882 1031 1041 1118 partibus
1061 1032 1225 1119 amplius,
1246 1031 1335 1098 illud

366 1145 548 1213 Consimili
565 1147 695 1235 poterit
713 1147 825 1213 forma
843 1153 1035 1212 monstrare
1055 1146 1226 1230 secundus

365 1263 568 1330 Deducendi
586 1272 694 1330 aetus.
715 1264 773 1330 Sic
790 1264 902 1351 partis
920 1286 1059 1330 eernere
1077 1272 1212 1352 partem

367 1380 542 1447 Continuo
561 1381 691 1468 poteris
709 1403 895 1468 progressu
914 1403 1048 1467 semper
1067 1381 1186 1446 eadem

367 1495 549 1562 Mensurae
569 1497 681 1584 speeie
699 1497 929 1582 manibusque
948 1497 1125 1582 oculisque
1144 1497 1299 1581 subacta,
1488 1526 1515 1564 aa

302 1622 344 1685 10
368 1611 457 1677 Nam
478 1613 618 1698 quantis
636 1635 701 1701 pro
721 1636 854 1698 cunque
873 1613 977 1678 tomis
996 1613 1189 1679 tractabilis
1209 1636 1316 1700 aeque
1336 1621 1396 1679 est.

366 1728 478 1813 Inque
498 1751 600 1817 opere
618 1729 683 1796 hoc
702 1731 822 1796 vultus
838 1752 909 1795 non
929 1739 963 1795 te
978 1736 1171 1817 perterreat
1189 1731 1248 1796 ille

367 1842 551 1911 Subiectae
571 1845 716 1931 exiguae
732 1846 857 1932 partie,
877 1868 981 1930 quam
1000 1847 1168 1933 prendere
1187 1846 1283 1912 nullo
1303 1847 1356 1911 in-

367 1966 562 2027 strumento
581 1963 710 2044 valeas,
732 1984 835 2046 quam
855 1962 1071 2048 deducesque
1089 1985 1152 2049 per
1172 1963 1286 2050 ipsum

370 2077 484 2165 Ipsius
504 2080 694 2164 integrum,
714 2079 851 2165 praxim
872 2080 1012 2145 solertia
1030 2086 1193 2166 prompta
1486 2108 1514 2146 ιο

304 2201 345 2264 15
368 2193 459 2259 Nam
478 2194 591 2279 iuvat,
609 2201 648 2260 ut
667 2194 851 2260 minimum
870 2196 1003 2261 clarum
1021 2195 1067 2261 sit
1085 2218 1158 2262 non
1175 2196 1290 2261 minus
1309 2197 1436 2284 ipsum,

371 2308 482 2387 Quam
502 2311 645 2396 quaevis
664 2311 774 2377 maior
792 2334 872 2398 pars
891 2312 992 2378 vultu
1010 2319 1152 2399 exposta
1171 2311 1263 2376 fideli
1284 2320 1344 2378 est.

372 2425 516 2505 Quando
536 2427 663 2492 etenim
683 2428 796 2492 minor
816 2433 867 2492 est
886 2450 966 2514 pars
985 2450 1089 2512 quam
1109 2427 1346 2514 comprendier
1365 2428 1441 2515 ipsa

372 2543 505 2628 Possit,
525 2565 656 2630 perque
675 2566 773 2608 suum
793 2551 908 2609 totum
926 2543 1023 2628 duci,
1043 2542 1190 2630 accipito
1210 2544 1324 2631 ipsum

371 2661 564 2726 Residuum
583 2660 707 2742 maius,
728 2659 899 2744 siquidem
915 2659 980 2726 hoc
998 2666 1097 2725 tanto
1117 2660 1265 2746 amplius
1284 2660 1364 2725 inde
1383 2668 1435 2726 est
1485 2688 1511 2727 rr·
1527 2679 1567 2741 p.
1582 2664 1673 2728 113

304 2778 348 2841 20
371 2777 536 2843 Sensibus
555 2778 763 2864 expositum,
783 2801 823 2844 ao
843 2778 1002 2844 manibus
1021 2780 1203 2845 tractabile
1223 2784 1323 2844 certe.

371 2895 517 2982 Respice
536 2903 622 2980 quot
639 2900 756 2982 partes
775 2895 1000 2982 comprendat
1018 2895 1125 2961 totius
1144 2896 1259 2983 ipsum

372 3010 440 3074 Sex
459 3010 556 3075 denis
574 3010 710 3076 vicibus
727 3010 912 3076 deductum
933 3011 999 3094 (vel
1019 3011 1186 3078 duodenis

373 3126 477 3204 Qneis
496 3125 619 3193 melius
639 3127 753 3215 capies
772 3127 949 3213 integrum
967 3129 1120 3215 partibu’
1138 3130 1274 3215 primis;

374 3242 661 3328 Quandoquidem
680 3243 736 3309 hie
755 3267 920 3309 numerus
937 3253 1081 3310 naturae
1101 3245 1300 3332 aptissimus
1319 3245 1456 3333 ipsique
1489 3275 1516 3313 ao

307 3359 350 3422 25
374 3359 565 3446 Appositus
584 3359 680 3445 cyclo
699 3359 862 3426 inventus
881 3360 970 3425 radii
988 3368 1040 3426 est
1057 3383 1120 3447 per
1139 3362 1328 3444 amussim),

373 3476 472 3540 Tune
491 3475 642 3561 reliquas
661 3476 804 3542 minimo
820 3484 936 3564 partes
953 3478 1117 3543 tribuisse
1135 3479 1260 3543 latenti

374 3591 516 3678 Absque
533 3615 645 3658 errore
665 3599 773 3680 potes.
792 3592 899 3658 Nulla
918 3616 999 3679 ergo
1019 3592 1206 3659 differitate

374 3708 518 3792 Urgeris
536 3708 686 3792 geminis
707 3709 822 3795 capias
838 3707 879 3773 de
898 3709 1057 3794 partibus
1076 3716 1204 3790 utram;

375 3823 486 3888 Certis
506 3823 684 3909 integrum
703 3824 785 3908 quia
805 3831 941 3889 constat
960 3823 1131 3911 partibile,
1149 3831 1254 3908 atque
1269 3823 1331 3889 has

309 3948 353 4009 30
376 3939 433 4004 Sic
452 3962 595 4006 numero
614 3964 694 4027 pars
714 3941 908 4027 primaeuo
929 3940 1130 4027 complebit,
1151 3947 1190 4005 ut
1209 3940 1331 4006 ambae

375 4054 539 4120 Eiusdem
557 4063 672 4142 partes
693 4078 839 4139 quarum
859 4062 1029 4143 quantum
1048 4057 1156 4121 altera
1176 4065 1273 4122 tensa
1292 4064 1344 4123 est

375 4172 478 4238 Ultra
497 4171 691 4255 dimidium,
712 4179 850 4237 tautum
870 4172 963 4238 intra
982 4181 1035 4238 est
1053 4196 1124 4238 una
1143 4173 1295 4239 remissa.

375 4289 502 4353 Totum
521 4287 613 4372 quod
631 4287 724 4353 notis
744 4288 932 4353 conflatum
950 4289 1121 4375 partibus,
1141 4289 1256 4376 ipsum

377 4405 415 4472 Si
433 4405 588 4493 geminas
607 4411 739 4470 sectum
760 4405 796 4470 in
813 4413 929 4492 partes
948 4406 1100 4472 occurrit
1119 4407 1269 4492 iniquas,
