3428 5138
339 380 396 438 182
643 393 783 438 rounam
803 393 906 438 curru
926 392 971 436 aa
991 390 1128 451 irmino,
1150 388 1171 434 1.

336 569 425 625 qnam
441 550 573 628 probaro
589 548 786 609 nibilominus
806 547 974 608 debuisset.
991 544 1078 606 Idam
1095 544 1138 604 ibi
1155 542 1358 622 Xenophauis
1375 543 1477 621 stupi-

336 666 464 728 ditatem
481 687 550 727 oum
565 666 755 744 aphaeritato
775 664 956 726 infinitatem
983 662 1152 724 asserentis
1179 661 1321 737 miratur;
1337 659 1390 720 ubi
1411 678 1477 719 om·

335 787 418 846 nium
447 786 505 847 sub
531 785 653 846 nomina
678 784 849 865 principum
880 782 1132 861 philosophorum
1159 778 1389 859 stupidissimus
1420 797 1478 839 suo

334 924 419 966 moro
438 924 550 966 sensus
567 903 811 984 profunditatem
827 920 888 963 nou
903 901 1040 979 attingit.

763 1323 916 1390 OAPV'P
951 1323 1049 1391 XIV.

537 1549 635 1589 Rursum
647 1547 767 1589 minimum
777 1546 802 1587 tn
812 1546 901 1598 mugnis
912 1548 936 1587 ct
945 1545 1051 1586 mulmis
1062 1556 1112 1586 esse
1123 1546 1275 1597 perspicuum.

424 1827 503 1893 Non
522 1834 574 1892 est
592 1834 775 1914 propterea
793 1825 888 1892 nulla
904 1826 1040 1891 ratione
1055 1831 1232 1912 repertum

334 1944 426 2009 Huic
444 1943 585 2031 sophiae
602 1943 799 2027 minimum,
821 1943 902 2028 quia
920 1948 1019 2008 tanto
1038 1965 1058 2007 a
1077 1940 1233 2007 sensibus
1249 1940 1378 2022 abstat3

334 2059 620 2145 Quandoquidem
639 2059 758 2145 magni
776 2059 898 2146 primis
917 2059 954 2123 in
972 2058 1131 2146 partibus
1151 2058 1262 2144 ipsum

270 2178 312 2241 10
334 2174 519 2262 Perspicue
538 2173 730 2258 ostendam,
751 2179 785 2239 et
803 2197 884 2240 vere
903 2181 1043 2261 captare
1061 2173 1204 2257 docebo,

334 2290 533 2368 Quamlibet
551 2296 586 2354 et
604 2289 742 2355 minimi
760 2289 798 2354 in
816 2311 942 2376 magno
961 2296 1136 2356 momenta
1154 2288 1294 2376 aperiri.
1464 2318 1477 2357 ⁵

334 2405 470 2492 Quippe
489 2404 594 2471 etiam
612 2404 796 2471 minimum
813 2406 957 2493 planum
976 2406 1111 2491 cyclum
1130 2427 1202 2470 esse
1217 2404 1386 2489 videmus,

333 2521 380 2586 Et
398 2520 579 2607 sphaeram
598 2520 783 2586 minimum
801 2521 948 2587 solidum
964 2520 1190 2608 patefecimus
1208 2544 1291 2587 esse.

335 2637 392 2703 Sic
410 2637 519 2723 igitur
537 2637 681 2704 minimo
701 2637 853 2725 primum
870 2638 1014 2704 minima
1030 2637 1243 2704 adiiciuntur
1497 2649 1538 2711 p.
1553 2635 1625 2701 50

269 2755 310 2817 15
333 2752 390 2817 Ad
408 2775 590 2819 numerum
608 2758 740 2818 certum
759 2753 881 2839 solido,
901 2775 963 2819 ceu
981 2754 1086 2841 plana
1104 2754 1230 2840 figura,

333 2868 504 2954 Circulos,
524 2875 559 2934 et
576 2868 814 2956 plures'quam
833 2891 892 2934 sex
910 2891 982 2936 non
1000 2869 1116 2936 adsuit
1134 2891 1274 2956 aequoS,
1450 2900 1475 2937 ιο

332 2984 401 3063 Qui
420 2984 550 3050 circum
568 2984 743 3071 complent
761 2985 916 3072 spacium
934 2985 1151 3073 primamque
1170 2986 1317 3072 figuram
1563 2966 1566 2971 ⁵

332 3101 523 3166 Exauctam
542 3099 698 3166 referunt
716 3100 849 3166 adiecto
868 3122 1041 3186 gnomone
1059 3101 1141 3185 tali,

334 3215 453 3294 Qualis
472 3216 570 3282 adest
588 3215 679 3282 circo
698 3215 885 3302 geminatis
903 3217 1062 3304 partibus
1080 3223 1197 3303 aucto,

266 3331 310 3394 20
334 3330 437 3409 Queis
460 3338 604 3396 suerunt
622 3338 715 3398 recto
735 3338 933 3399 constantes
951 3332 1063 3399 limite
1080 3332 1221 3401 formae.

335 3445 475 3512 Scilicet
493 3446 551 3511 hio
569 3448 674 3514 etiam
694 3446 785 3513 circa
802 3470 911 3515 unum
926 3449 1101 3517 incurrere
1120 3458 1237 3518 ternos

335 3563 545 3651 ComperieS,
564 3564 625 3630 ubi
644 3587 706 3651 per
723 3563 875 3631 medium
894 3564 1005 3632 divisa
1024 3566 1138 3653 figura

335 3678 515 3745 Consimili
534 3687 662 3746 orosae-t
680 3679 781 3765 serie,
801 3702 869 3765 qua
888 3703 1043 3767 quaeque
1060 3680 1208 3748 videtur.

332 3794 426 3860 Hinc
441 3794 508 3860 tibi
526 3817 597 3860 non
620 3801 757 3862 tantum
776 3801 892 3883 partes
910 3796 992 3862 licet
1010 3795 1224 3863 adsimilares

266 3918 310 3980 ‘25
333 3912 495 3997 Cernere,
515 3934 600 3997 quas
619 3934 768 3999 nequeas
787 3911 830 3977 ad
848 3912 978 3999 primas
996 3911 1109 3978 dicere
1127 3919 1261 3999 tantas,

336 4027 404 4093 Sed
420 4050 555 4113 quoque
571 4049 674 4114 quam
693 4027 809 4114 cyclus
829 4036 1014 4113 consurgat
1032 4027 1189 4114 margine
1208 4051 1344 4114 (quaque

338 4143 412 4222 Qua
431 4151 566 4226 ceutr0,
586 4150 647 4209 aut
665 4165 782 4209 mensa
800 4142 933 4229 reliqua
951 4142 1150 4209 discrimine
1168 4152 1262 4210 certo

336 4259 454 4324 Distat
472 4259 684 4346 comparium
702 4281 845 4326 numero
864 4265 1008 4326 coeunte
1027 4267 1208 4326 tomorum.

334 4376 441 4441 Porro
461 4376 490 4439 si
509 4378 649 4463 planam
668 4375 792 4463 recipit
810 4398 891 4463 pars
909 4374 1021 4463 prima
1040 4374 1202 4463 figuram,
