3428 5138
342 382 398 441 142
650 395 789 440 rounam
810 392 911 439 narni
932 395 976 438 on
997 393 1132 457 nmmo,
1156 394 1175 438 1.

338 552 575 639 Compositum
593 572 695 638 porro
714 551 847 616 nullum
867 551 1060 616 substantia
1080 574 1161 616 vera
1181 558 1245 633 est,

339 670 407 735 Sed
426 692 513 755 quae
532 667 722 754 componis,
742 690 890 754 parsque
909 667 1032 732 ultima
1052 667 1334 754 compositorum,
1459 697 1487 735 :ro

340 787 416 865 Qua
434 793 473 851 tu
493 793 528 850 te
548 783 709 850 aedificas
729 784 867 848 circum.
889 783 1046 868 sicergo
1065 783 1200 849 videbis

340 903 491 989 Corpore
508 907 543 966 te
562 922 732 984 nusquam
754 899 908 965 subiect-o
928 898 1146 983 deteriorem,

295 1025 316 1090 b
340 1019 439 1098 Quod
458 1018 608 1106 primum
628 1018 665 1081 in
682 1018 816 1083 nullum
836 1017 958 1083 recidit
977 1017 1086 1104 prius,
1107 1023 1210 1104 atque
1226 1041 1377 1106 perenne
1397 1025 1464 1101 est,

342 1135 444 1200 Nunc
463 1133 527 1216 ibi,
546 1156 640 1199 nunc
659 1132 716 1197 hic
732 1133 925 1219 integrans,
946 1140 984 1198 ut
1003 1156 1096 1199 mmo
1115 1142 1176 1199 tua
1195 1135 1363 1217 membra,

340 1252 435 1329 Quae
454 1272 606 1333 moveas,
627 1250 713 1315 serie
732 1249 799 1314 tibi
819 1271 906 1336 quae
925 1258 1085 1334 certaque
1103 1250 1311 1316 ministrent.
1461 1279 1488 1318 aa

340 1369 445 1449 Nam,
464 1369 560 1433 velut
577 1367 614 1432 in
634 1366 792 1453 Physicis
810 1367 922 1454 ample
941 1366 1181 1454 patefecimus,
1199 1368 1282 1433 hinc
1298 1373 1350 1434 est

341 1485 446 1550 Ortus
464 1484 564 1567 vitai,
586 1483 754 1568 molisquc
774 1483 948 1549 adolentia
967 1490 1113 1549 nostrae.

277 1603 319 1668 10
340 1602 390 1669 Ut
406 1599 516 1665 centri
536 1600 571 1664 in
592 1622 756 1685 magnum
777 1600 989 1684 exglonrerat
1009 1623 1044 1664 se
1063 1600 1228 1686 expansio
1247 1623 1389 1686 gyrum,

341 1718 514 1784 Conlectis
533 1716 658 1782 atomis
678 1717 806 1782 circum
826 1715 979 1800 undique
1003 1716 1147 1802 spiritus
1166 1716 1276 1782 archi-

342 1839 453 1900 tectus
477 1856 512 1898 se
531 1830 646 1897 infuso
666 1839 776 1897 totum
799 1831 1008 1914 moderatur,
1030 1831 1183 1917 adusque

343 1949 493 2036 rl‘empus
512 1969 580 2033 quo
600 1947 728 2014 exactis
749 1948 913 2029 numeris,
933 1947 989 2012 vel
1008 1947 1154 2013 stamine
1173 1954 1276 2034 rupto

344 2065 516 2152 Corporis,
537 2065 574 2129 in
594 2071 750 2129 centrum
770 2063 917 2130 redimat
936 2088 982 2148 se,
1004 2071 1038 2129 et
1058 2064 1138 2130 inde
1154 2088 1215 2152 per
1235 2063 1388 2151 amplum

278 2182 320 2247 li)
343 2180 476 2245 Recens
495 2203 530 2246 se
549 2179 702 2246 insinuet
721 2179 901 2263 mundum,
922 2187 956 2244 ot
974 2179 1037 2246 hoc
1057 2178 1168 2244 dicere
1185 2185 1331 2245 mortem

344 2296 538 2379 Suevimus3
559 2296 714 2382 ignotam
734 2295 771 2359 iu
790 2297 901 2360 lucem
921 2296 1002 2380 quia
1020 2295 1209 2382 pergimus,
1233 2295 1298 2360 etsi
1320 2297 1330 2307 ’

343 2413 538 2479 Persentiro
558 2413 659 2478 datur
677 2413 796 2499 paruis
816 2435 919 2497 quam
938 2413 1055 2478 vivero
1074 2418 1231 2477 nostrum
1250 2411 1314 2476 hoc
1463 2438 1489 2477 a

299 2520 301 2525 ⁵
345 2530 399 2596 Sit
417 2530 574 2618 periisse,
595 2529 682 2596 mori
706 2529 770 2594 hoo
790 2529 835 2595 sit
854 2552 955 2595 uerae
971 2530 1157 2615 adsurgere
1174 2529 1268 2595 vitae

343 2649 537 2732 Interdum,
554 2671 617 2714 nec
636 2648 728 2713 enim
749 2647 865 2713 cuncti
884 2646 1007 2712 hoedo
1027 2667 1168 2733 corpore
1187 2645 1371 2729 scandunt,

277 2772 322 2838 20
344 2769 434 2834 Nam
453 2789 589 2853 quoquc
608 2766 748 2832 maioris
768 2765 901 2830 ruitant
921 2765 957 2829 in
977 2763 1126 2829 claustra
1145 2761 1311 2851 profundi

344 2883 499 2951 Pondere
515 2883 637 2949 adacta
656 2904 717 2948 suo
736 2882 876 2947 <livinae
894 2880 1049 2968 expertia
1068 2879 1235 2944 flammae.

344 3003 437 3088 Ergo
457 3002 593 3067 animus
613 3001 742 3066 circum
761 2999 905 3065 minima
925 2997 1191 3084 adglomerando
1214 3005 1386 3063 tomorum
1466 3025 1475 3048 r

344 3118 497 3207 Corpora
517 3141 551 3181 se
571 3118 667 3182 velut
687 3114 836 3182 involvit
856 3136 954 3179 caeco
975 3112 1094 3179 ordine
1113 3112 1150 3177 in
1170 3112 1255 3196 illis,

345 3235 487 3300 Carccre
506 3232 605 3299 fatali
625 3240 803 3316 tamquam
823 3229 889 3295 sibi
906 3229 1058 3294 membra
1075 3230 1244 3314 figurans,

277 3356 321 3420 25
344 3350 393 3418 Ut
412 3371 492 3415 mox
511 3372 546 3414 se
566 3356 677 3415 totum
697 3347 761 3414 hoo
780 3368 903 3432 corpus
922 3343 1095 3409 diffundat
1114 3342 1150 3407 in
1170 3365 1284 3425 omne,

345 3468 565 3551 Rursumque
581 3487 622 3530 ex
642 3465 737 3530 omni
761 3487 801 3529 ac
821 3469 893 3529 toto
913 3461 1066 3547 resopita
1084 3460 1247 3544 remigret

347 3584 498 3672 Spiritus
518 3605 668 3671 expanso
685 3582 726 3647 dc
746 3582 893 3647 stamine
914 3580 1068 3645 concitus
1088 3577 1124 3642 in
1144 3598 1213 3660 cor,

346 3703 375 3766 Ε
400 3701 496 3766 cuius
515 3699 655 3764 tandem
675 3705 793 3764 cent-ro
814 3721 848 3762 se
868 3695 992 3761 fundat
1011 3696 1180 3776 inauras,

347 3817 582 3904 Expectetque
600 3838 707 3881 novos
726 3838 823 3881 casus
844 3812 1055 3878 successibus
1074 3832 1212 3895 anceps,

281 3937 325 4001 30
349 3936 398 4001 Ae
418 3956 536 3999 eaesae
556 3956 626 3998 sese
646 3933 824 4020 explicitet
847 3928 1094 3997 Rhamnusidis
1113 3925 1204 3993 ordo.

430 4122 490 4177 let
501 4119 548 4177 ι’)(ζ).
562 4116 660 4189 Quum
678 4137 779 4177 rerum
801 4115 973 4176 substantia
990 4110 1111 4171 minime
1128 4106 1169 4166 sit
1189 4102 1394 4180 dissolubilia,
1414 4127 1491 4167 mor·

350 4243 412 4294 tem
425 4253 486 4293 non
501 4252 570 4292 esse
585 4231 763 4309 timendam,
780 4232 833 4293 scd
849 4229 1010 4292 transitum
1025 4219 1244 4302 expectandum
1261 4218 1359 4277 sensit
1376 4220 1492 4297 Pytha-

1177 4348 1263 4357 ———
1270 4348 1355 4354 -----

442 4422 474 4472 ‘2¹3
487 4420 626 4488 resopitu'
638 4421 651 4468 ?
664 4437 704 4469 ma
719 4435 825 4485 rrrppnr
839 4417 891 4467 roal
906 4414 927 4465 il
940 4430 1012 4464 rerao
1024 4411 1037 4461 l
1049 4411 1162 4459 corrono
