3428 5138
515 429 669 475 Anrlcvm
690 428 861 475 ADVERSVS
882 429 1148 475 Marnanamcoa.
1387 414 1405 471 7

258 607 480 694 ingenuoque
499 605 613 672 cordis
631 605 759 672 affectu
778 606 1005 693 insequimur:
1030 606 1123 674 unde
1146 613 1285 673 tantum
1308 607 1406 673 abest

258 741 299 801 ut
327 756 392 800 nos
420 733 481 799 illa
509 732 624 819 fugiat
656 733 712 799 vel
742 733 1013 822 adproperantes
1042 739 1213 822 expectet,
1237 739 1277 799 ut
1299 731 1405 799 etiam

257 860 357 927 nobis
387 858 481 926 ocius
512 865 684 941 occurrat,
709 859 825 926 oculos
854 867 990 927 nostros
1021 861 1217 946 abstergat,
1247 865 1282 925 et
1309 859 1406 925 velut

258 984 430 1071 aquilinos
448 984 562 1071 pullos
581 983 625 1049 ad
648 985 730 1051 solis
750 1007 943 1052 assuescere
961 985 1068 1053 faciat
1087 991 1298 1077 etspeotum,
1319 983 1405 1070 iugi·
1430 1003 1461 1052 a
1477 989 1529 1052 δ’

212 1110 377 1197 bterque
401 1108 445 1175 ad
476 1108 713 1175 firmissimum
750 1112 861 1196 magis
884 1117 989 1197 atque
1022 1111 1133 1197 magis
1157 1109 1320 1197 disponat
1352 1109 1406 1173 in-

258 1234 398 1301 tultum.

348 1359 407 1426 Sic
430 1383 451 1426 a
473 1360 648 1449 principio
677 1361 779 1428 nobis
809 1364 1005 1429 consultum
1030 1362 1111 1446 fuit,
1131 1369 1172 1429 ut
1200 1361 1331 1428 frustra
1350 1382 1407 1427 eos

257 1488 373 1557 oculos
389 1486 598 1554 claudendus
611 1494 646 1553 et
656 1488 920 1576 supprimendas
932 1490 1122 1556 inclament
1132 1489 1201 1573 alii,
1215 1511 1300 1576 quos
1314 1489 1408 1554 Deus

261 1619 399 1702 apertos
424 1611 520 1678 etin
543 1612 692 1679 sublime
715 1622 845 1681 erectos
868 1615 1035 1682 exhibuit.
1059 1614 1226 1681 Videntes
1250 1635 1332 1700 ergo
1359 1613 1410 1679 vi-

194 1734 236 1798 10
258 1740 338 1806 dere
356 1761 428 1806 non
447 1737 718 1823 dissimulamus,
738 1745 773 1805 et
802 1746 921 1827 aperte
950 1739 1106 1827 profiteri
1135 1761 1206 1806 non
1229 1760 1407 1820 veremur3

257 1871 366 1951 utque
384 1863 591 1930 continuum
610 1863 740 1930 bellum
760 1871 812 1930 est
834 1865 928 1931 inter
958 1866 1070 1932 lucem
1100 1871 1203 1952 atque
1233 1863 1407 1947 tenebras,

260 1991 455 2059 doctrinam
473 1997 509 2056 et
528 1990 777 2077 ignorantiam,
796 1991 848 2058 ita
867 1991 995 2078 ubique
1010 1991 1142 2075 odium,
1159 1990 1326 2074 convitia,
1343 1990 1409 2056 ola-

260 2138 372 2183 mores
395 2122 430 2182 et
449 2115 600 2183 insultus
620 2120 702 2200 (non
726 2116 802 2183 sine
825 2118 930 2184 etiarn
952 2119 1047 2186 vitae
1069 2119 1235 2207 periculo)
1260 2141 1280 2183 a
1306 2118 1408 2184 bruta

259 2245 469 2333 stupidaque
486 2245 721 2331 multitudine,
741 2246 938 2314 concitante
950 2255 1073 2314 senatu
1090 2246 1338 2335 graduatorurn
1350 2267 1409 2332 pa-

194 2368 234 2437 15
259 2376 353 2439 trum
372 2371 605 2459 ignorantiae,
631 2394 748 2438 sumus
772 2373 920 2460 experti,
944 2395 1118 2460 manuque
1141 2371 1300 2439 veritatis
1323 2371 1410 2436 divi·

258 2501 426 2588 nioraque
455 2500 587 2566 lumine
616 2499 703 2567 duee
733 2502 982 2588 superavimus.
1013 2502 1154 2570 Etenim
1184 2502 1222 2566 in
1251 2500 1410 2588 pluribus

260 2625 422 2713 Europae
455 2625 615 2713 partibus
649 2632 685 2693 et
718 2625 915 2714 praecipuis
948 2626 1147 2710 academiis,
1189 2648 1306 2692 eorum
1349 2627 1410 2711 qui

260 2752 452 2820 doctissimi
470 2758 605 2838 extant,
624 2775 736 2840 neque
760 2755 917 2821 venalem
941 2755 1256 2841 mercenariamque
1278 2753 1409 2820 habent

260 2877 468 2961 doctrinam,
493 2879 552 2945 sed
571 2879 650 2966 plue
672 2901 776 2965 quam
794 2880 939 2967 vulgare
967 2879 1148 2966 ingenium
1178 2886 1213 2945 et
1243 2901 1321 2945 cum
1344 2879 1409 2945 hoc

195 3004 240 3068 20
261 3003 347 3071 alias
370 3003 475 3070 etiam
499 3004 694 3072 nobilitatis
718 3005 862 3093 species,
888 3027 1067 3091 consensu,
1086 3005 1268 3093 applausu,
1289 3002 1408 3069 favore

262 3140 297 3199 et
319 3131 519 3199 testimonio
537 3131 639 3198 nobis
662 3131 864 3216 adsistente,
883 3133 1011 3220 ubique
1030 3132 1187 3201 sordidae
1207 3131 1410 3198 vilissimae-

263 3282 330 3346 que
349 3256 585 3325 multitudinis
604 3257 790 3342 invidiam,
811 3259 994 3347 strepitum
1015 3265 1050 3326 et
1068 3258 1271 3326 violentiam
1291 3259 1410 3326 autho-

263 3385 368 3451 ritate
385 3383 583 3472 principum
599 3384 836 3472 repressimus;
853 3383 1134 3452 Aristarchcrum
1150 3406 1231 3451 vero
1251 3391 1285 3451 et
1300 3385 1411 3452 archi·

264 3510 516 3577 mandritarum
541 3510 740 3577 huiusmodi
763 3511 946 3594 iuvidiam,
970 3511 1152 3595 malitiam,
1173 3511 1408 3597 ignorantiam

198 3634 241 3697 25
264 3642 299 3703 et
314 3637 550 3723 arrogantiam
561 3636 670 3703 firmis
683 3638 897 3723 argumentis
913 3637 1096 3717 evidentisl
1107 3637 1341 3725 simarumque
1357 3638 1412 3705 de·
1436 3656 1466 3705 a
1480 3641 1532 3702 ὃν

264 3761 555 3828 monstrationum
575 3768 734 3848 (quarum
753 3763 882 3849 ubique
905 3771 1130 3830 monumenta
1153 3770 1287 3848 extant)
1311 3767 1411 3852 eopia

265 3888 494 3957 contudimus.
513 3890 588 3955 Iam
607 3888 664 3955 hic
687 3889 723 3955 O.
748 3890 794 3954 M.
819 3890 856 3955 Τ.
881 3912 960 3956 eum
978 3913 1040 3978 per
1064 3915 1099 3957 se
1116 3891 1268 3978 plurima
1286 3891 1409 3958 horum

266 4014 429 4083 facillime
454 4015 664 4102 intelligere,
692 4037 815 4103 meque
833 4015 1010 4083 indicante
1040 4016 1204 4082 facillime
1234 4016 1352 4082 videre
1375 4024 1411 4084 et

266 4141 418 4208 iudicare
447 4140 563 4207 emnia
590 4141 713 4227 possit,
736 4163 814 4207 cum
844 4148 982 4226 natura,
1012 4141 1153 4208 fortuna
1179 4149 1213 4207 et
1237 4142 1410 4229 dignitate

358 4402 390 4453 23
406 4403 621 4455 Aristarcorum
684 4404 716 4456 28
732 4403 857 4455 facilimo
869 4405 898 4454 Io
908 4404 1002 4472 primo
1014 4407 1085 4457 volta
