3428 5138
698 362 837 409 lobnam
858 362 961 408 BRVNI

662 631 999 709 1111011111.
1304 602 1305 605 ‘
1426 622 1526 712 avr·

346 834 373 898 Ι.
399 834 608 901 Universum
627 840 679 900 est
697 833 895 899 maximum.
915 833 1041 900 Totum
1061 840 1112 900 est
1131 834 1243 901 maius
1266 842 1302 903 et
1324 858 1401 924 per·

223 1003 227 1011 ·
257 966 396 1032 fectum.
421 966 507 1032 Pars
530 973 582 1030 est
605 965 729 1047 minus,
753 963 1009 1053 imperfectum,
1033 971 1068 1030 et
1095 965 1286 1051 proximior
1309 989 1403 1034 men·

258 1115 346 1159 sura.
371 1090 595 1159 Individuum
620 1099 671 1157 est
695 1091 890 1174 minimum,
911 1112 974 1156 nec
992 1090 1185 1179 perfectum
1207 1115 1320 1180 neque
1337 1093 1403 1159 1111-

212 1220 233 1282 0
257 1216 467 1311 perfectum,
489 1224 523 1281 et
542 1216 821 1282 communissima
840 1237 1010 1281 mensura.
1029 1214 1212 1282 Terminus
1231 1216 1327 1282 nulla
1350 1223 1403 1284 est

256 1365 350 1429 pars,
370 1348 405 1407 et
424 1348 476 1407 est
492 1341 713 1408 individuum
733 1341 904 1427 negative.

346 1468 391 1532 Π.
416 1466 614 1533 Eorundem
644 1467 777 1550 eadem,
804 1467 1001 1552 aequalium
1024 1488 1147 1552 aequa,
1172 1466 1338 1534 similium
1361 1467 1403 1533 si·

258 1597 363 1680 milis,
383 1595 695 1684 proportionalium
713 1595 995 1682 proportionalis,
1017 1595 1298 1662 convertibilium
1322 1617 1402 1662 oon·

258 1721 449 1806 vertibilis,
481 1721 732 1787 contrariorum
756 1720 929 1787 contraria
952 1727 1004 1786 est
1027 1721 1126 1788 ratio.
1159 1721 1403 1788 Absumuntur

193 1856 235 1919 10
258 1848 414 1915 Euclidis
435 1850 485 1913 15.
507 1848 557 1912 16.
578 1849 630 1912 22.
655 1848 708 1912 23.
727 1871 760 1934 p.
782 1848 907 1933 quarti.
934 1850 984 1914 10.
1010 1849 1062 1913 11.
1089 1849 1140 1913 14.
1160 1849 1212 1912 25.
1232 1872 1265 1935 p.
1283 1870 1352 1936 sep.

346 1974 410 2038 ΠΙ.
435 1972 531 2050 Quae
560 1972 670 2037 eidem
698 1979 780 2038 sunt
807 1973 980 2058 aequalia,
1005 1972 1170 2060 duplicia,
1195 1971 1341 2038 dimidia
1367 1978 1403 2038 et

259 2106 535 2186 quantacunque,
560 2106 594 2164 et
618 2099 709 2164 inter
728 2121 763 2164 se
782 2104 895 2164 erunt.
914 2099 1058 2165 Absum.
1079 2099 1176 2165 Euel.
1198 2100 1227 2165 7.
1246 2100 1278 2165 8.
1298 2103 1328 2166 9.
1350 2103 1401 2166 10.

261 2230 312 2292 11.
331 2226 459 2312 quarti:
481 2228 511 2290 5.
531 2227 561 2290 6.
583 2227 611 2291 7.
631 2226 662 2290 8.
683 2227 713 2291 0.
735 2227 778 2290 10
796 2249 865 2312 sep.
885 2227 906 2290 9
926 2225 1060 2291 decimi.

346 2352 405 2416 IV.
429 2350 643 2436 Aequalibus
663 2350 791 2416 additis
814 2351 870 2417 vel
893 2350 1079 2416 subtractis
1102 2358 1338 2437 perseverant,
1362 2359 1402 2419 ut

193 2479 233 2541 15
257 2482 364 2559 erant,
386 2476 544 2562 aequalia
563 2475 618 2542 vel
630 2474 835 2561 inaequalia.
853 2476 873 2542 b
890 2482 925 2540 et
945 2477 965 2541 6
984 2476 1110 2562 quinti.
1128 2477 1148 2542 7
1167 2484 1202 2545 01
1221 2478 1244 2543 8
1262 2478 1402 2566 septimi

258 2611 292 2670 et
311 2604 484 2670 axiomata
503 2604 533 2667 2.
554 2604 583 2667 3.
602 2602 633 2666 4.

344 2733 385 2797 V.
410 2731 447 2796 Si
467 2730 578 2796 divisa
601 2728 875 2817 proportionalia
904 2729 1049 2815 fuerint,
1075 2732 1181 2798 etiam
1210 2734 1401 2822 composita

257 2866 368 2926 erunt.
391 2860 432 2923 17
452 2864 486 2923 01
508 2858 549 2922 18
569 2856 693 2943 quinti.
713 2856 766 2920 24.
787 2857 923 2944 septb.
943 2859 1068 2925 octavi.

293 3029 297 3035 -
346 2984 406 3050 VI.
431 2983 469 3048 Si
493 2981 780 3070 quemadmodum
804 2989 917 3048 totum
941 2983 985 3049 ad
1008 2990 1138 3069 totum,
1162 2985 1213 3053 ita
1243 2987 1398 3054 ablatum

193 3124 236 3186 20
260 3137 295 3178 se
313 3112 438 3177 habeat
458 3110 501 3176 ad
523 3110 692 3194 ablatum,
717 3116 751 3174 et
774 3108 947 3195 reliquum
970 3125 1011 3178 ut
1034 3119 1146 3181 totum
1181 3138 1216 3181 se
1246 3114 1399 3181 habebit.

257 3242 278 3304 3
297 3245 332 3303 et
350 3238 372 3301 4
391 3235 514 3302 axium.
536 3237 577 3300 10
597 3235 691 3319 quin.
712 3237 741 3299 0.
762 3235 791 3299 6.
813 3236 864 3299 11.
886 3260 959 3323 pro.
980 3247 1065 3327 sept.

344 3361 422 3428 VII.
459 3361 621 3426 Mensura
651 3359 814 3445 organica
843 3362 997 3429 omnium
1032 3366 1149 3431 radius
1185 3367 1304 3433 circuli
1333 3372 1397 3450 est,

259 3492 356 3555 iuxta
375 3489 477 3554 illud:

348 3617 519 3683 Distinxit
538 3615 633 3681 raclio
652 3622 765 3681 totum
785 3616 846 3701 qui
864 3615 998 3703 legibus
1018 3617 1146 3683 orbem.

523 3836 902 3915 THEOREMATA
935 3838 1135 3914 MINIMI.
1426 3856 1525 3920 arpv

348 4040 374 4103 Ι.
400 4039 488 4104 'lum
505 4048 658 4123 naturae,
679 4048 754 4106 tum
773 4039 858 4106 artis
881 4039 1044 4105 resolutio
1064 4061 1135 4105 non
1154 4046 1206 4105 est
1225 4040 1401 4109 0011111111-

260 4174 334 4228 tum
355 4163 447 4245 [licet
467 4163 642 4230 interilum
661 4165 956 4249 indeterminate),
976 4164 1036 4231 sed
1061 4171 1192 4230 certum
1211 4167 1399 4236 terminum

260 4288 380 4356 ‹lefinit
401 4290 600 4354 necessario.
