3428 5138
574 464 618 508 nu
639 463 751 508 ninrur
772 462 975 508 uusrnmn.
1286 448 1341 506 lot

206 619 364 684 Finitum
381 640 517 704 caperes
534 617 637 684 titulo
656 640 871 703 quocumque
889 617 1033 704 feratur,
1320 645 1346 685 aa

205 733 345 799 Finitus
363 734 461 799 fieret
480 755 642 798 numerus
660 739 744 798 tuno
760 733 871 799 omnis
891 732 934 799 ob
950 755 1068 798 unum.

207 850 426 937 Quapropter
442 856 568 937 partes,
590 872 674 935 quas
690 848 811 914 dicunt
830 848 1056 931 adsimilares,
1367 871 1408 932 p.
1424 851 1493 919 27

205 967 385 1054 Perpetuis
404 966 570 1053 gradibus
589 971 670 1031 sunt
688 966 779 1031 rdtro
798 966 958 1050 ultroque
976 965 1140 1050 minores,

161 1083 182 1146 ὃ
206 1085 324 1171 Aeque
344 1084 501 1150 infinitae
520 1084 726 1149 immensum
744 1083 830 1150 istae
849 1084 996 1170 illaeque
1014 1089 1201 1171 reponunt,

205 1200 399 1267 Dummodo
419 1201 490 1266 sint
508 1207 637 1288 partes;
654 1207 689 1266 et
707 1202 1009 1287 quantulacunque
1024 1200 1197 1266 minorum
1318 1227 1345 1268 so

205 1318 398 1384 Concurrat
419 1316 561 1403 speciest,
579 1323 691 1383 totum
706 1315 798 1383 haud
817 1317 987 1383 conflatur
1004 1317 1163 1402 iniquum

205 1434 298 1517 Toti,
318 1433 540 1519 quantumvis
559 1433 695 1519 magnis
711 1432 923 1519 totidemque
941 1440 1087 1521 recepto.

295 1549 391 1614 Tolle
411 1549 587 1614 infinitum
606 1549 698 1615 binis
719 1549 810 1634 quod
828 1549 986 1635 partibus
1002 1548 1121 1634 aequis

142 1662 183 1724 10
206 1662 361 1748 Constet,
379 1686 442 1729 neo
460 1686 623 1729 numerus
641 1685 784 1731 numero
803 1663 876 1729 sine
896 1663 1075 1751 multiplus
1095 1666 1186 1730 ultra

206 1780 626 1867 Compreudatnumerum
637 1781 867 1865 innumerum,
878 1803 988 1865 neque
997 1780 1155 1867 partibus
1163 1780 1292 1846 isthaec
1320 1808 1346 1848 oa

205 1896 313 1962 Linea
330 1919 417 1982 quae
436 1904 487 1961 est
505 1896 632 1984 duplex
651 1895 796 1962 totidem
814 1896 1001 1962 maioribus
1018 1901 1128 1961 exstet

205 2013 335 2100 Duplo,
356 2020 440 2098 quot
459 2012 605 2100 simplex
621 2013 861 2100 complectitur
880 2013 941 2078 illa
965 2012 1129 2097 minores;

206 2129 461 2215 Proptereaque
476 2149 575 2214 pares
591 2134 705 2214 partes
725 2127 920 2213 similesque
940 2128 1007 2211 (vel
1027 2134 1107 2193 actu

143 2251 183 2314 15
207 2244 269 2310 Vel
289 2245 418 2310 uirtute
433 2253 548 2331 putes,
569 2243 657 2308 nihil
677 2250 861 2309 extenuare
877 2243 1028 2320 videtur)

206 2365 301 2428 Haec
319 2362 424 2450 duplo
443 2362 641 2426 innumeras
661 2383 763 2447 quam
784 2361 939 2426 continet
956 2361 1016 2426 illa
1032 2369 1197 2448 reposcat.
1307 2393 1345 2432 100

206 2481 388 2545 Praeterea
407 2479 444 2544 in
462 2485 536 2543 toto
555 2485 658 2564 atque
673 2477 776 2544 tomis
796 2478 870 2543 sine
888 2479 956 2543 fine
974 2479 1132 2545 locentur

206 2594 353 2682 Imparis
373 2600 477 2678 atque
500 2592 593 2679 paris
613 2592 829 2677 discrimina,
849 2592 1015 2680 simplicis
1031 2600 1135 2678 atque

205 2711 326 2799 Dupli,
347 2718 381 2775 et
400 2709 553 2795 aequalis
571 2708 778 2794 maiorisque
795 2715 898 2794 atque
917 2709 1069 2776 minoris.

139 2833 182 2895 20
206 2831 267 2893 Est
287 2851 408 2915 operae
426 2827 593 2915 proeium,
612 2833 652 2892 ut
668 2832 849 2913 actumque
868 2827 1024 2914 potentia
1040 2828 1150 2895 maior

204 2944 368 3008 Maiorem
388 2942 559 3027 exquirat;
581 2942 661 3028 quia
681 2950 810 3026 quanta
829 2943 961 3010 tributa
980 2943 1120 3027 minori,
1308 2972 1345 3012 105

203 3059 344 3124 Maioris
359 3058 450 3146 parti
465 3058 631 3142 tribuam,
652 3058 785 3144 totique
804 3059 895 3144 quod
911 3060 1003 3126 ultra
1023 3069 1083 3125 est.

204 3173 298 3258 Ergo
315 3181 411 3239 actus
428 3173 567 3261 duplex,
588 3173 782 3260 duplexque
801 3176 957 3263 potentia
976 3182 1107 3260 quanto

205 3292 388 3376 Congruit,
409 3299 442 3355 et
461 3291 630 3376 quidqind
647 3294 750 3357 semel
768 3315 837 3358 uno
855 3293 892 3357 in
906 3316 1022 3358 meuse
1040 3300 1215 3380 repertum
1231 3301 1298 3375 est,

137 3412 180 3474 ‘25
205 3407 264 3470 Bis
284 3406 374 3471 senis
394 3407 527 3472 vicibus.
548 3414 622 3471 toto
641 3415 819 3494 repetatur
837 3409 874 3473 in
891 3431 994 3491 anuo,

204 3522 270 3588 Seu
290 3523 380 3587 vires
401 3522 536 3587 numeri
556 3523 739 3609 inspectes,
759 3548 819 3589 sou
841 3524 966 3590 utlibet
984 3532 1098 3605 actus;
1303 3555 1343 3593 no

203 3639 359 3724 Namque
378 3639 426 3703 ita
446 3639 490 3703 ab
510 3639 646 3705 interno
666 3640 755 3705 ratio
774 3650 826 3705 est
841 3640 916 3705 heic
934 3641 1058 3728 partis,
1077 3651 1116 3706 ut
1135 3642 1217 3708 illic.

204 3756 329 3819 Desine
349 3762 559 3842 quapropter
577 3778 780 3841 rursumque
799 3756 992 3842 iterumque
1011 3766 1184 3824 tomorum

204 3874 387 3938 Innumero
407 3897 548 3939 nurnero
565 3874 630 3939 tibi
650 3883 764 3960 partes
784 3874 1028 3963 multiplicare,

137 3993 180 4054 30
204 3992 293 4055 llum
313 3991 404 4077 parti
422 3991 622 4057 innumerae
641 4000 768 4079 partes,
788 3993 933 4059 totidem
949 3993 1207 4080 innumerisque

203 4107 396 4172 lnniuneris
416 4107 548 4173 vicibus
568 4107 715 4194 tribuas,
736 4116 901 4195 tantoque
921 4111 1076 4197 quiescas
1303 4142 1341 4180 ne

203 4223 288 4287 Indo
307 4223 433 4306 iniuus,
455 4232 584 4309 quanto
604 4248 702 4310 iriage
718 4233 833 4313 partes
853 4226 1113 4315 multiplicando

298 4475 307 4521 l
327 4488 442 4538 caperes
461 4469 535 4523 tiulo
