3428 5138
366 380 426 437 218
671 390 811 437 mabam
831 390 934 436 sarar
954 391 999 435 nn
1020 375 1156 452 ummo,
1178 391 1213 434 11.

367 551 488 610 brmtur.
509 548 596 608 Sicut
612 548 692 608 enim
714 568 751 608 ex
769 547 875 625 primis
892 547 1032 626 partibus
1050 545 1232 624 triangulus,
1253 560 1343 623 quem
1360 563 1399 605 ax
1416 544 1520 606 tribus

368 665 500 725 minimis
533 663 700 739 constituo,
725 661 831 723 differt
861 664 898 722 ab
928 682 965 722 ex
996 662 1104 742 primis
1130 662 1273 741 partibus
1303 658 1518 738 quadrangulo

368 781 449 858 quod
467 800 505 841 ex
525 788 654 856 quatuor
675 778 808 838 minimis
826 798 986 856 compono,
1005 779 1050 838 ita
1071 797 1233 855 numquam
1252 777 1290 838 de
1308 776 1521 854 consequenti·

369 898 426 959 bus
453 895 626 972 triangulus
649 893 732 956 ullus
754 894 809 954 ulli
830 895 1040 972 quadrangulo
1064 895 1115 955 vel
1139 894 1230 955 alteri
1257 894 1373 973 figurae
1400 894 1519 972 poterit

328 1014 348 1077 5
370 1016 504 1093 aequari.
525 1014 614 1075 Licet
635 1014 712 1073 enim
736 1014 845 1091 planae
867 1013 1089 1092 angularesque
1112 1013 1229 1091 figurae
1247 1012 1367 1090 aequali
1383 1009 1519 1090 partium

368 1151 494 1193 numero
511 1150 663 1209 gnomone
684 1128 899 1208 circumposito
922 1128 1083 1208 imparium
1103 1149 1297 1190 numerorum
1319 1127 1425 1188 ordine
1449 1147 1520 1188 con-

370 1256 522 1326 crescant,
539 1266 702 1323 numquam
722 1252 825 1305 tamen
849 1244 1028 1323 magnitudo
1050 1244 1183 1322 partium
1205 1244 1294 1306 unius
1314 1242 1520 1322 magnitudini

369 1365 501 1444 partium
524 1362 664 1437 alterius,
691 1362 771 1421 sicut
800 1381 861 1421 non
886 1360 1058 1439 sigillatim,
1083 1361 1128 1421 ita
1157 1379 1257 1438 neque
1284 1359 1443 1438 complexe
1469 1379 1518 1420 ac

372 1489 528 1561 captarum
556 1480 614 1539 erit
640 1476 785 1553 aequalis.
811 1476 900 1549 Quod
920 1476 947 1536 si
965 1476 1103 1537 lateralis
1126 1475 1247 1536 laterali
1275 1496 1335 1536 non
1353 1481 1515 1553 aequatur,

307 1594 349 1658 10
371 1618 501 1674 quonam
518 1595 633 1676 poterit
648 1595 739 1655 modo
758 1614 889 1670 unquam
907 1592 1047 1654 circulari
1064 1592 1203 1654 lateralis
1220 1592 1358 1670 aequari,
1376 1611 1455 1669 quae
1471 1593 1519 1652 sic

372 1715 478 1774 ordine
493 1714 610 1791 parium
624 1711 704 1772 sicut
715 1711 776 1771 ista
787 1710 947 1789 imparium
962 1710 1170 1786 homogeneos
1180 1729 1348 1787 gnomones
1362 1707 1519 1769 adsumit?

451 1826 468 1873 l
490 1830 537 1888 33.
558 1827 649 1887 Adde
664 1835 700 1887 ut
717 1846 815 1903 nequo
829 1826 1011 1903 quadratum
1029 1826 1194 1904 quadrato,
1213 1845 1311 1902 neque
1329 1825 1517 1903 triangulum

372 1945 537 2023 triangulo,
556 1964 654 2021 neque
672 1943 816 2003 circulum
835 1942 948 2002 circulo
967 1963 1026 2001 una
1043 1941 1192 2022 possibile
1214 1942 1257 2002 sit
1278 1961 1390 2018 augere
1417 1949 1517 2020 parte.

373 2063 431 2122 Dic
455 2060 546 2120 enim:
565 2059 687 2119 ubinam
711 2058 794 2118 illam
812 2066 931 2137 partem
948 2058 1094 2120 adiicias?
1110 2059 1171 2119 Uni
1188 2058 1302 2138 quippe
1319 2059 1450 2120 laterum
1467 2059 1519 2120 ad-

309 2173 349 2236 15
374 2179 438 2239 dita
454 2178 514 2238 iam
531 2198 629 2256 neque
647 2176 827 2253 quadratum
845 2176 1053 2254 conservabit,
1071 2196 1170 2253 neque
1188 2177 1327 2237 eiusdem
1344 2178 1430 2238 cuius
1451 2185 1520 2238 arat

374 2296 489 2375 speciei
505 2294 759 2372 quadrangulum,
780 2291 836 2354 sed
857 2294 1032 2372 trapetium.
1056 2293 1251 2373 Quapropter
1268 2283 1392 2373 oportet
1417 2293 1456 2353 ad
1477 2293 1520 2354 la-

375 2421 471 2473 terum
486 2411 701 2489 aequalitatem
714 2409 871 2470 addidisse
887 2429 942 2488 per
957 2409 1079 2487 singula
1095 2411 1227 2471 laterum
1245 2418 1367 2489 partes,
1385 2417 1420 2471 ut
1436 2411 1518 2488 quod

373 2529 426 2589 uni
447 2527 594 2588 addidisti
618 2526 744 2603 reliquis
766 2545 884 2603 quoque
906 2525 1065 2588 adieceris.
1087 2526 1267 2603 Nequedum
1290 2533 1359 2587 tuae
1382 2527 1518 2604 negotia-

376 2645 468 2706 tionis
484 2643 554 2705 finis
576 2644 646 2721 erit,
671 2641 914 2719 quandoquidem
942 2643 1126 2722 perimetrus
1152 2644 1236 2704 facta
1263 2643 1360 2703 maior
1381 2643 1517 2704 eiusdem

309 2763 354 2825 ‘20
376 2761 550 2839 aequalisve
574 2759 673 2838 campi
697 2759 791 2819 desiit
812 2778 881 2819 esse
903 2757 1052 2821 terminus
1059 2780 1066 2836 ;
1088 2768 1194 2838 partas
1215 2759 1310 2838 igitur
1331 2779 1421 2820 areae
1448 2780 1520 2837 quo·

377 2899 435 2955 quo
452 2876 670 2956 multiplicatas
686 2896 754 2936 esse
767 2882 897 2955 oportet,
913 2897 989 2954 quae
1004 2898 1075 2937 num
1096 2884 1226 2953 quatuor
1238 2876 1243 2959 Ι
1257 2876 1378 2937 illorum
1395 2884 1519 2956 puncto
1542 2904 1584 2966 p,
1598 2889 1670 2954 82

376 3016 443 3055 rum
460 2995 499 3054 ad
517 2995 648 3054 laterum
674 3000 811 3054 extrema
831 2991 915 3053 facta
936 2992 1107 3054 adiectione
1132 2993 1218 3053 iuxta
1238 2995 1392 3073 propriam
1416 2995 1520 3056 valeat

377 3131 447 3172 esse
462 3112 563 3188 legem
580 3118 758 3184 exaequata,
774 3109 845 3169 inde
860 3109 1054 3188 perspicuum
1069 3109 1276 3188 essepoterit,
1289 3109 1342 3170 ubi
1360 3109 1520 3171 definitum

378 3227 501 3288 noveris
524 3245 592 3287 esse
615 3225 764 3304 ordinem,
787 3245 845 3301 quo
870 3225 989 3285 adiecto
1008 3245 1158 3302 gnomone
1181 3225 1381 3303 simulatque
1402 3227 1520 3306 pariter

311 3341 354 3405 25
378 3345 564 3421 figuratum
591 3341 770 3420 perimetro,
802 3350 867 3401 tum
893 3360 999 3420 campo
1023 3341 1224 3419 adaugeatur,
1250 3341 1386 3403 definitis
1408 3344 1521 3423 quippe

378 3459 547 3538 imparibus
565 3458 803 3534 aequalibusque
825 3458 965 3535 partibus
982 3459 1027 3518 ita
1042 3458 1184 3519 continue
1202 3459 1370 3538 polygouia
1396 3461 1521 3537 crescit,

380 3578 459 3637 sicut
472 3584 503 3634 et
517 3573 651 3634 definitis
666 3573 797 3633 circulus
813 3574 991 3649 aequalibus
1008 3583 1099 3652 atque
1114 3576 1248 3654 paribus.
1264 3577 1402 3637 Partium
1418 3578 1523 3655 itaque

380 3693 458 3753 ratio
481 3690 687 3750 addendarum
711 3698 742 3750 et
763 3688 893 3750 similem
921 3691 1171 3753 constituentium
1204 3692 1333 3770 figuram
1358 3695 1397 3753 ab
1419 3714 1524 3756 earum

381 3809 490 3885 quibus
520 3806 636 3865 additio
665 3806 700 3864 lit
726 3806 846 3866 ratione
874 3806 965 3867 facile
992 3807 1171 3870 desumitur.
1201 3808 1358 3881 Quadrato
1390 3811 1521 3890 scilicet,

315 3925 359 3988 30
381 3925 466 3984 cuius
488 3931 607 4000 septem
634 3922 775 4001 partibus
802 3929 956 3983 extremus
984 3943 1095 4000 gnomo
1123 3923 1320 4004 conflabitur,
1348 3923 1525 3991 immediate

382 4060 493 4101 novem
523 4039 666 4099 similium
688 4046 719 4099 ct
743 4039 912 4115 aequalium
941 4039 1073 4120 partium
1097 4062 1209 4119 gnomo
1233 4042 1292 4103 erit
1314 4043 1525 4123 adiiciendus;

384 4159 490 4219 uadem
512 4167 543 4218 et
564 4177 781 4234 quamcumque
803 4157 894 4218 aliam
920 4158 1117 4238 polygoniam
1138 4160 1220 4221 serie
1241 4162 1385 4222 convenit
1406 4165 1523 4243 augeri.

476 4412 508 4461 20
524 4410 691 4476 aequaliave
