3428 5138
349 380 407 439 170
656 389 796 437 renuam
816 389 918 435 aavru
938 390 983 434 nn
1002 388 1137 452 unsrun,
1159 389 1179 434 r.

348 564 436 607 omne
458 544 615 606 minimum
630 551 714 606 esset
738 543 893 605 sensibile.
912 544 955 605 At
968 563 1042 605 vero
1064 544 1220 604 minimum
1237 540 1406 620 gustabile,
1424 547 1493 601 tan·

348 664 456 741 gibile,
482 662 649 725 secundum
670 681 792 723 sensum
814 669 846 722 et
872 669 1007 740 caetera,
1031 669 1153 742 oportet
1174 660 1321 739 quasdam
1347 657 1491 720 sortitum

350 802 419 844 esse
441 781 619 860 qualitates,
638 779 747 858 quibus
764 779 804 838 ad
826 798 949 840 sensum
976 780 1090 842 habeat
1112 779 1301 858 analogiam,
1327 796 1405 854 quae
1429 795 1491 836 non

350 900 445 962 nisia
466 897 686 979 compositione
717 895 846 973 quadam
879 897 1093 958 demanabunt.
1124 896 1252 957 Minima
1277 895 1391 974 quippe
1408 893 1495 954 iuxta

305 1015 326 1080 5
349 1017 478 1096 primam
495 1015 634 1092 formam,
652 1034 712 1091 qua
727 1011 851 1073 minima
869 1020 900 1073 et
916 1019 1045 1092 corpora
1059 1021 1143 1093 sunt,
1157 1012 1367 1075 indifferentia
1380 1012 1495 1073 haben·

350 1143 401 1194 tur
421 1133 534 1210 omnia;
553 1132 635 1210 quod
651 1151 725 1193 vero
744 1130 874 1192 subinde
892 1151 995 1191 eorum
1013 1131 1089 1192 haee
1105 1130 1228 1209 quidem
1239 1138 1311 1191 sunt
1327 1129 1495 1209 sensibilia,

350 1251 404 1312 illa
427 1271 597 1327 veronen,
622 1256 744 1328 oportet
766 1249 896 1325 quadam
922 1249 1094 1311 adiectione
1119 1251 1198 1327 fieri;
1225 1269 1261 1310 ae
1287 1270 1347 1309 non
1369 1256 1417 1310 est
1432 1267 1497 1308 cre·

351 1367 445 1429 dibile
459 1367 556 1428 ullam
569 1366 742 1427 huiusmodi
765 1366 943 1442 qualitatem
957 1387 1049 1447 super
1063 1368 1161 1449 prima
1178 1367 1307 1429 materia
1321 1365 1497 1427 immediate

350 1485 482 1546 fundari.
500 1485 673 1563 Propterea
690 1483 840 1562 principia
857 1484 1030 1544 materialia
1046 1484 1229 1561 quibusdam
1246 1492 1319 1545 sunt
1336 1481 1496 1560 distincta,

287 1603 328 1667 10
351 1621 480 1680 qnorum
508 1600 678 1661 sententiae
699 1619 755 1660 nos
776 1600 874 1676 magis
895 1599 1130 1679 adstipulamur,
1152 1602 1265 1679 lucem,
1283 1607 1425 1661 naturam
1445 1599 1499 1659 hu·

354 1726 500 1795 mentem,
521 1725 699 1793 atomosque
717 1735 771 1776 seu
788 1715 904 1775 aridam
925 1717 1076 1776 communi
1097 1717 1226 1778 materia
1249 1716 1418 1777 consistere
1437 1735 1498 1775 non

353 1836 525 1897 credentes.
544 1834 614 1893 Vim
632 1851 704 1893 vero
723 1833 884 1893 animalem
901 1834 944 1894 ita
961 1833 1166 1912 individuam,
1185 1842 1220 1894 ut
1241 1842 1307 1895 tota
1324 1834 1365 1894 sit
1383 1833 1414 1892 in
1431 1841 1496 1893 toto

351 1960 383 2015 et
400 1950 531 2029 singulis
550 1948 699 2028 partium,
723 1971 740 2010 a
757 1948 817 2009 loci
839 1958 930 2027 atque
949 1951 1097 2030 temporis
1115 1949 1340 2038 conditionibus
1368 1949 1496 2010 nihilum

353 2089 408 2149 per
425 2089 458 2131 se
480 2069 557 2128 citra
575 2067 828 2146 compositionem
845 2067 978 2146 patiens,
1008 2068 1088 2129 sicut
1116 2089 1176 2130 non
1201 2068 1405 2147 intelligimus
1428 2086 1498 2129 esse

290 2193 330 2255 15)
354 2187 507 2262 accidens,
525 2195 558 2245 ut
575 2185 766 2244 harmoniam
784 2185 834 2245 vel
855 2192 956 2245 actum
978 2186 1123 2264 alienum,
1145 2187 1190 2246 ita
1211 2204 1330 2262 quoque
1360 2186 1502 2246 snbstan-

355 2305 428 2365 tiam
441 2303 648 2364 concludimus
663 2322 730 2364 esse
746 2310 868 2363 autnon
880 2303 1069 2365 materialem
1081 2311 1134 2364 aut
1151 2304 1155 2385 Ι
1175 2305 1240 2366 eius
1254 2304 1412 2381 materiae,
1423 2321 1500 2381 quae
1524 2310 1564 2373 p.
1578 2292 1652 2357 39

355 2429 387 2487 in
404 2427 485 2486 idem
503 2445 600 2501 genus
622 2444 689 2485 cum
707 2424 806 2484 tribus
828 2423 994 2503 praedictis
1019 2444 1080 2484 non
1108 2425 1279 2485 conveniat.
1304 2423 1394 2485 Hane
1414 2430 1502 2484 natu-

358 2566 423 2605 ram
441 2545 608 2604 Zoroaster
626 2541 796 2620 appellavit
817 2541 928 2617 lucem,
953 2548 984 2602 et
1011 2541 1207 2603 Democritus
1234 2550 1324 2620 atque
1351 2542 1502 2622 Empedo-

359 2665 422 2725 cles
440 2663 552 2740 ignem.
574 2662 640 2721 Iam
662 2659 800 2736 sequitur
818 2658 963 2719 iudicium
983 2661 1015 2719 in
1042 2662 1255 2740 perspectivas
1283 2669 1315 2723 et
1340 2663 1501 2742 physicos,

292 2787 336 2851 20
359 2782 410 2859 qui
437 2780 503 2842 sine
529 2778 703 2839 discrimine
732 2777 897 2838 eorundem
928 2787 1078 2857 usurpant
1105 2778 1341 2858 propositiones.
1375 2780 1408 2841 Si
1437 2781 1502 2858 lux,

362 2899 457 2976 aiunt,
481 2902 564 2957 esset
580 2893 744 2973 punctalis,
767 2893 925 2954 videretur
951 2894 1001 2954 vel
1028 2903 1112 2956 esset
1133 2895 1278 2971 visibilia,
1307 2896 1393 2958 ouius
1414 2896 1506 2957 ratio·

361 3034 430 3076 nem
456 3010 628 3086 adducunt,
651 3009 721 3085 qnia
751 3009 827 3070 lucis
859 3017 961 3071 estse
983 3011 1143 3091 sphaerico
1174 3011 1361 3090 diffundere,
1396 3013 1504 3090 itaque

362 3131 521 3212 sphaerica
545 3128 712 3190 rideretur.
733 3128 828 3204 Atqui
844 3128 903 3189 hoc
921 3135 969 3189 est
985 3127 1088 3190 dicere
1104 3130 1280 3209 punctalem
1294 3131 1392 3192 lucem
1408 3129 1508 3191 videri

360 3249 492 3311 mediata
510 3254 542 3309 et
557 3265 613 3326 per
627 3245 780 3323 accidens,
802 3265 910 3324 nempe
929 3266 984 3325 per
1005 3247 1099 3326 aliud,
1119 3249 1198 3309 siout
1221 3249 1361 3310 videmus
1378 3269 1434 3330 per
1451 3269 1507 3311 sua

295 3374 337 3438 ‘25
362 3365 531 3429 accidentia
548 3364 701 3424 hominem
720 3372 751 3423 et
768 3365 917 3442 plantam,
937 3373 969 3424 et
983 3384 1039 3443 per
1052 3366 1215 3445 sphaeram
1233 3374 1383 3446 centrum,
1403 3375 1434 3428 et
1452 3387 1508 3446 per

364 3493 451 3546 actus
476 3482 558 3542 vitae
580 3481 755 3541 animatum.
781 3480 953 3541 Formalius
973 3501 1046 3559 ergo
1069 3503 1159 3560 quam
1180 3483 1291 3560 vulgus
1314 3491 1346 3544 et
1367 3484 1507 3545 rhetores

365 3604 536 3681 loquentes,
554 3599 682 3660 dicimus
699 3618 759 3658 non
777 3598 951 3677 punctalem
968 3601 1067 3662 lucem
1079 3601 1177 3662 videri
1190 3603 1293 3682 (quam
1305 3622 1404 3680 neque
1417 3622 1509 3663 sensu

366 3738 464 3798 neque
481 3717 600 3778 ratione
617 3737 635 3776 a
653 3735 744 3777 sensu
766 3715 928 3793 desumpta
945 3737 1108 3796 possumus
1125 3738 1180 3797 pro
1198 3720 1333 3797 punctali
1357 3719 1508 3799 definire),

366 3837 421 3899 sed
438 3836 515 3896 lueis
537 3833 742 3894 diffusionem.
770 3832 828 3892 Est
849 3832 929 3893 enirn
956 3833 1045 3894 uobis
1065 3833 1176 3912 primo:
1202 3835 1338 3895 essentia
1359 3835 1509 3911 quaedam

300 3954 343 4016 3l.)
365 3956 426 4031 lux,
445 3973 504 4030 qua
521 3950 694 4011 huiusmodi
712 3958 781 4009 aotu
804 3950 1007 4028 compositum
1024 3949 1074 4010 vel
1092 3948 1224 4029 simplex
1240 3949 1363 4026 aliquod
1381 3958 1430 4011 est
1451 3951 1511 4011 for·

368 4083 490 4132 matum.
514 4068 664 4130 Secundo:
690 4067 861 4143 essequod
889 4067 919 4126 in
946 4066 1015 4146 ipsa
1042 4067 1263 4146 compositione
1299 4064 1350 4129 vel
1377 4068 1512 4147 simplici

368 4187 548 4249 individuali
577 4186 749 4247 substantia
770 4187 932 4264 reperitur.
961 4185 1079 4247 Tertio:
1109 4185 1214 4247 radius
1244 4187 1292 4246 rel
1321 4185 1423 4263 fulgor
1451 4207 1509 4262 quo

374 4340 509 4348 ,.--.-
701 4339 718 4342 -a
760 4337 847 4342 ·-—·-—
879 4336 920 4344 ..ο
934 4338 1005 4343 ,-.-...
1023 4336 1085 4343 ..ι-,ο-
1105 4336 1220 4343 —
1288 4338 1338 4343 —-
1349 4336 1435 4343 ---.
1497 4339 1501 4347 Ι

462 4416 493 4467 27
511 4416 671 4483 loquentes.
690 4413 820 4465 Dicimus
