3428 5138
547 421 863 467 conrnurnnrronss
884 421 928 466 nx
948 422 1079 468 irmino.
1326 407 1384 467 201

243 579 328 639 Nihil
350 586 571 656 consequenter
596 576 778 656 simpliciter
805 577 980 638 continuum
1008 585 1039 638 ot
1059 597 1151 637 unum
1174 583 1298 655 practer
1323 583 1387 636 ato-

242 718 339 774 mum,
358 697 495 776 spacium
506 697 682 759 universum
694 705 726 759 et
742 697 947 759 substantiam
964 697 1146 777 simpliciter
1162 697 1244 758 inter
1257 717 1385 778 corpora

242 820 274 876 et
291 835 328 877 ea
341 837 468 894 quornm
487 834 556 877 esse
573 816 654 878 circa
672 835 801 895 corpora
818 815 1094 894 contemplandum.

322 949 340 996 l
360 936 408 994 22.
431 933 516 994 Nihil
534 933 658 995 videtur
674 933 774 1011 magis
791 934 930 1013 partibus
948 933 981 992 in
998 933 1122 1013 planum
1139 933 1301 1013 dispositis
1317 933 1386 992 ads

198 1048 219 1114 5
242 1059 344 1112 manto
364 1053 431 1131 ipso
454 1060 609 1132 constare,
624 1052 701 1114 nihil
721 1052 821 1131 magis
847 1052 925 1113 iride
953 1052 1138 1114 semicirculi
1164 1072 1282 1131 arcum,
1309 1051 1386 1111 nihil

241 1172 363 1233 finitore
381 1173 537 1251 circulum,
556 1172 632 1233 nihil
658 1173 818 1235 horizonte
847 1179 996 1233 nocturno
1019 1172 1290 1252 semisphaericam
1318 1191 1387 1232 con-

241 1291 414 1351 cavitatem.
432 1290 469 1349 In
485 1291 524 1350 iis
548 1297 649 1351 tamen
671 1296 762 1368 atque
779 1288 864 1368 aliis,
883 1297 947 1350 tum
964 1290 1189 1351 naturabilibus
1206 1297 1269 1351 tum
1286 1288 1385 1366 magis

241 1406 465 1485 artificialibus,
484 1406 618 1486 penitius
634 1406 824 1468 intuentibus
846 1413 877 1468 et
899 1426 937 1467 ex
954 1413 1043 1485 parte
1058 1405 1172 1467 obiecti
1192 1415 1224 1467 et
1242 1425 1279 1466 ex
1297 1411 1385 1485 parte

241 1544 350 1587 sensus
368 1531 399 1584 et
417 1525 677 1585 circumstantium
694 1523 889 1604 apertissima
906 1523 1111 1600 inaequalitas
1128 1524 1300 1603 apparebit.

176 1638 218 1702 10
320 1640 337 1688 l
361 1643 426 1702 100.
448 1639 530 1702 Vere
546 1640 642 1718 igitur
650 1640 814 1701 rotundum
826 1647 917 1717 atque
931 1640 1090 1719 globosum
1107 1639 1240 1734 undique
1257 1640 1385 1717 aequale

241 1777 333 1817 unum
351 1757 501 1818 infinitum
519 1756 729 1818 tantummodo
746 1755 923 1817 iudicamus.

698 2097 851 2162 CAPVT
886 2096 927 2160 V.

409 2289 471 2328 Duos
486 2287 569 2337 figuras
585 2285 623 2326 vol
636 2286 709 2325 linens
723 2285 747 2324 ln
760 2285 857 2326 materia
871 2285 964 2326 omnino
978 2287 1087 2334 aequales
1097 2286 1218 2327 ostendere

546 2359 583 2398 vel
597 2358 631 2398 bis
643 2357 740 2398 eandam
755 2361 874 2409 repetere,
889 2361 923 2398 est
937 2357 1086 2408 impossibile.

175 2557 217 2621 15
274 2584 281 2598 ·
329 2560 512 2625 Materiam
531 2583 629 2626 veras
650 2582 796 2645 usquam
815 2559 1016 2646 explicitam
1035 2560 1163 2645 figuras

239 2680 343 2744 Posss
362 2685 505 2764 negant,
525 2684 642 2743 tamen
661 2676 753 2742 haud
772 2682 908 2741 cessant
925 2675 988 2742 has
1008 2698 1168 2762 quaerere
1187 2677 1226 2743 in
1244 2678 1318 2762 illa;

239 2795 286 2860 Et
304 2793 438 2858 ratione
457 2793 555 2876 duce,
576 2791 688 2857 media
704 2813 840 2878 quoque
856 2792 1000 2858 metrica
1018 2792 1161 2876 amussi,

240 2909 445 2995 Conquisita
461 2909 559 2975 venit
575 2931 708 2996 semper
726 2909 917 2996 polygonis
936 2915 1049 2992 certa3

241 3026 311 3092 Nos
330 3035 460 3110 tamen,
479 3036 519 3091 ut
538 3048 654 3091 veram
673 3033 818 3092 naturae
836 3024 967 3091 lumine
985 3048 1142 3092 norma-m

173 3145 218 3208 20
240 3141 421 3206 Cernimus
439 3140 476 3206 in
495 3140 611 3226 factis,
631 3163 703 3207 non
721 3148 793 3206 tam
811 3142 1062 3228 praesumimus
1082 3143 1161 3207 alte.

240 3257 409 3323 Novimus
427 3263 467 3322 ut
486 3255 663 3343 trepidans
682 3257 837 3343 operatio
856 3257 968 3343 prima
988 3257 1132 3322 metriae
1152 3265 1204 3323 est

239 3371 444 3438 Fundamen
463 3372 617 3457 reliquis,
635 3394 721 3457 quae
740 3380 820 3438 sunt
839 3371 1036 3460 peragenda
1054 3372 1231 3460 deinc-eps,

239 3490 288 3556 Ut
304 3494 434 3555 rectam
454 3488 491 3554 in
509 3498 624 3576 partes
643 3511 722 3554 vere
742 3488 820 3574 quis
843 3487 978 3555 dividat
996 3510 1139 3574 aequas,

240 3604 356 3690 Atque
375 3605 556 3691 parallelas
575 3604 694 3689 faciat,
715 3605 827 3690 sitque
846 3604 994 3690 angulus
1011 3605 1084 3692 ipse

173 3729 216 3794 25
242 3721 350 3799 Quem
370 3720 506 3807 cupiat,
525 3743 604 3785 arere
624 3721 723 3786 cadat
742 3727 777 3785 st
795 3720 1102 3808 perpendicularis.

240 3838 318 3902 Non
335 3860 457 3902 manus
477 3845 537 3903 aut
557 3861 675 3903 sensus
695 3838 747 3903 bis
766 3845 883 3924 partes
902 3838 1029 3925 accipit
1048 3860 1190 3923 aequas,

241 3954 320 4020 Non
335 3953 509 4019 hominem
530 3954 683 4020 invenies
702 3954 756 4020 bis
775 3977 921 4042 pensum
939 3955 1102 4042 ponderis
1122 3979 1194 4020 csse

241 4068 367 4151 Unius,
387 4077 625 4156 praeterquam
646 4093 759 4136 crassa
776 4073 875 4137 lance
893 4072 1097 4158 probatum

242 4187 380 4270 Orga-nn
400 4210 469 4251 non
489 4194 649 4252 constant
668 4187 794 4272 quibus
812 4188 896 4254 haec
914 4195 1110 4253 tractantur
1130 4188 1260 4252 amussi
1361 4218 1386 4256 ιο
1409 4216 1450 4277 p.
1466 4200 1537 4264 67

1061 4337 1065 4341 .
1095 4336 1147 4343 -.

334 4435 383 4486 fa?
400 4450 497 4485 arcum
507 4464 536 4473 -
546 4435 765 4504 concavitatem]
779 4434 816 4486 sic
878 4437 910 4488 20
926 4452 1022 4487 sioraco
1036 4435 1064 4486 lo
1079 4434 1184 4502 oirpolo

376 4548 451 4589 linens
470 4549 524 4598 Opp.
537 4550 576 4587 lul.
591 4549 608 4593 Ι,
621 4550 642 4587 3.
1195 4549 1220 4584 2⁸3
