3428 5138
586 434 630 478 nn
652 435 764 479 ummr
784 435 992 481 unumunurm.
1303 414 1360 477 147

296 591 377 648 (20.
403 589 440 648 In
467 590 610 665 minimo,
642 591 791 668 simplici,
814 591 952 651 >monade
980 591 1123 669 opposita
1152 589 1253 648 omnia
1288 594 1360 648 eunt

214 703 308 781 idem,
329 724 384 782 par
401 712 433 764 et
453 706 564 783 impar,
583 703 680 764 multa
698 715 729 766 et
751 726 860 784 pauca,
878 705 965 766 finita
982 715 1013 767 et
1030 704 1161 780 infinita,
1183 703 1253 763 ideo
1275 703 1356 780 quod

215 822 370 882 minimum
388 831 448 899 est,
467 823 548 882 idem
566 829 614 884 est
630 824 809 901 maximum,
828 833 860 884 et
877 824 1025 901 quidquid
1042 824 1123 885 inter
1140 824 1226 884 haec.

295 941 403 1026 r(27).
431 938 611 999 Ostenditur
635 940 693 999 hoc
713 941 810 1018 primo
833 941 864 999 in
884 941 964 1018 Deo,
988 942 1039 1016 qui
1059 940 1139 1000 idem
1162 940 1274 1000 dicitur
1293 959 1362 1000 esso

171 1068 192 1131 5
216 1058 327 1137 ubique
345 1066 377 1118 et
394 1078 559 1136 nusquam,
570 1057 652 1117 infra
663 1058 764 1118 omnia
779 1056 926 1135 fundans,
948 1078 1041 1138 super
1057 1057 1158 1118 omnia
1174 1059 1361 1135 gubernans,

216 1175 298 1235 intra
324 1174 425 1235 omnia
451 1194 511 1234 non
534 1174 683 1251 inclusus,
706 1181 793 1235 extra
810 1175 911 1235 omnia
931 1194 992 1235 non
1009 1174 1171 1246 exclusus,
1188 1175 1289 1234 omnis
1305 1194 1362 1253 per

217 1291 429 1353 excellentiam
448 1300 479 1350 et
496 1290 811 1368 comprehensionem,
828 1291 903 1350 nihil
924 1311 980 1369 per
998 1289 1225 1367 definitionem,
1248 1289 1362 1368 prinoi-

217 1407 301 1485 pium
318 1407 419 1466 omnio
435 1426 591 1484 promens,
610 1405 681 1466 finis
708 1407 808 1468 omnia
825 1406 1005 1485 terminans,
1027 1406 1159 1466 medium
1181 1414 1308 1467 nectens
1331 1413 1363 1466 et

219 1523 432 1583 discriminans
450 1523 563 1600 omnia,
582 1531 719 1583 centrum
737 1523 866 1600 ubique,
884 1522 1022 1583 intimum
1044 1522 1246 1602 internorum,
1265 1531 1363 1584 extre·

153 1641 194 1703 10
217 1661 298 1700 mum
318 1659 481 1716 nusquam,
501 1638 571 1716 quia
595 1640 721 1699 metitur
737 1647 769 1699 et
786 1638 941 1699 concludit
963 1638 1063 1699 omnia
1084 1637 1251 1699 immensus
1272 1647 1305 1699 et
1321 1637 1364 1697 in·

217 1754 424 1832 exaequabilis
441 1755 521 1833 ipse,
540 1755 570 1813 in
587 1775 647 1831 quo
663 1765 735 1814 sunt
752 1755 865 1829 omnia,
885 1761 917 1814 et
934 1753 1033 1830 quiin
1050 1753 1149 1832 nullo,
1163 1773 1262 1832 neque
1278 1753 1311 1813 in
1328 1774 1361 1814 se

216 1871 296 1951 ipso,
315 1871 387 1948 quia
404 1870 581 1931 individuus
599 1880 631 1930 et
645 1870 829 1949 simplicitas
845 1870 924 1948 ipsa,
944 1869 1000 1930 sed
1018 1877 1067 1931 est
1083 1871 1160 1948 ipse.

295 1994 312 2041 l
329 1989 378 2048 30.
400 1986 552 2064 Secundo,
567 1985 599 2044 in
613 1986 757 2046 universo
775 1987 827 2045 ubi
844 1983 1053 2046 indifferentia
1070 1995 1142 2046 sunt
1161 1987 1301 2064 longum,
1320 1986 1357 2047 la?

215 2112 278 2165 tum
295 2112 328 2165 et
346 2103 545 2183 profundum,
564 2110 596 2162 et
613 2101 693 2178 quod
710 2102 822 2178 ubique
840 2102 934 2162 habat
951 2101 1093 2161 medium.

150 2219 192 2282 15
296 2235 312 2282 ‘l
329 2223 376 2280 34.
400 2220 513 2295 Tertio,
529 2219 560 2278 in
577 2218 753 2297 particulari
770 2218 903 2298 sphaera
917 2237 972 2278 sou
985 2216 1107 2295 mundo,
1125 2218 1156 2277 in
1170 2238 1229 2296 quo
1247 2218 1286 2278 ab
1300 2238 1359 2279 uno

216 2346 321 2398 centro
338 2336 559 2397 dimensionum
578 2332 787 2394 indifferentia
804 2342 853 2395 est
871 2341 1044 2412 perspecta.

296 2464 313 2511 l
330 2455 378 2513 37.
400 2453 531 2529 Quarto,
553 2451 583 2509 iu
602 2471 677 2529 gyro
698 2450 819 2527 diurno,
837 2450 869 2509 in
886 2448 1000 2527 quoad
1016 2449 1137 2510 telluris
1154 2449 1358 2511 universalem

216 2570 413 2650 superficiem
441 2568 553 2643 ubique
577 2575 625 2626 est
652 2574 783 2645 punctus
803 2565 943 2642 orientis,
962 2565 1144 2643 occidentis,
1162 2564 1302 2627 meridiei
1327 2577 1360 2629 et

216 2687 317 2766 quivis
335 2685 401 2745 eius
418 2683 540 2762 generis
559 2683 646 2743 alius.

149 2805 193 2869 20
295 2806 312 2854 l
330 2805 377 2862 42.
394 2801 516 2875 Quinto,
530 2801 561 2859 in
577 2798 689 2858 circulo
705 2798 756 2875 qui
767 2807 816 2858 est
828 2797 975 2857 terminus
989 2817 1045 2858 seu
1059 2797 1242 2876 peripheria,
1255 2798 1285 2857 iu
1298 2820 1356 2876 quo

217 2921 300 2982 nulla
322 2918 400 2978 ratio
422 2937 478 2977 neo
499 2924 608 2975 natura
626 2914 794 2974 subiective
812 2933 978 2974 concavum
996 2912 1159 2991 distinguit
1176 2934 1193 2972 a
1211 2935 1357 2977 convexo.

597 3114 833 3158 colxclnuxffl
855 3112 979 3158 ANGVLI

213 4442 247 4493 22
262 4441 428 4508 ncllaflpura
439 4440 571 4507 oripirralr
581 4459 675 4492 aranea
685 4441 705 4489 il
711 4444 933 4507 prolurrpomrnto
941 4444 1013 4495 della
1024 4443 1095 4495 linco
1104 4445 1159 4495 Al)
1168 4461 1180 4493 r
1189 4446 1216 4494 dr
1227 4444 1318 4494 urum
1331 4444 1354 4493 Il
