3428 5138
512 432 669 480 Anrrcvm
688 431 861 478 nnvnnsvs
880 431 1148 477 naruunarrcos.
1359 416 1398 475 23

257 606 323 673 sed·
336 606 385 690 (si
396 605 473 672 falli
492 606 592 692 nolit)
611 607 698 673 sciat
721 630 757 673 se
776 613 873 672 extra
896 614 1057 673 naturam
1080 605 1298 693 phantastice
1322 627 1400 670 eva·

256 731 335 817 gari
354 738 458 817 atque
480 731 662 800 somniare.
688 734 738 799 13.
757 733 892 819 Vulgus
911 739 1165 820 geometrarum
1188 731 1232 798 ad
1259 737 1398 797 tantum

257 857 430 924 stultitiae
460 857 613 943 devenit,
648 865 688 925 ut
719 860 811 946 quod
839 834 976 926 infinite
1003 857 1209 940 dilviduum
1231 847 1401 944 intelligit
1424 859 1521 923 b6r

259 1007 331 1051 esse
355 984 542 1051 terminum
564 985 714 1053 termino
734 986 914 1053 individuo
940 991 1116 1071 exaequet.
1140 983 1284 1050 Infinita
1308 984 1401 1050 insu·

213 1110 320 1197 oper
347 1109 492 1176 minima
526 1111 581 1177 vel
614 1116 731 1197 partes
759 1111 803 1177 ad
830 1111 933 1178 unius
966 1109 1104 1175 minimi
1137 1109 1193 1176 vel
1227 1108 1400 1174 individui

259 1242 458 1303 contactum
474 1236 606 1302 sincere
622 1244 657 1302 et
674 1237 864 1324 aequaliter
880 1261 922 1304 ex
938 1243 1206 1323 quantacunque
1225 1233 1402 1302 circumfo-

258 1363 371 1431 rentia
383 1368 417 1428 et
426 1361 641 1429 dimensione
651 1361 758 1429 fluere
768 1363 945 1450 intelligit.
958 1363 1043 1442 Quis
1055 1361 1173 1428 eredat
1187 1361 1225 1427 in
1235 1360 1299 1427 tuli
1309 1382 1403 1426 men·

257 1497 415 1559 auratore
440 1491 658 1557 mensuram?
682 1491 803 1578 Ipsum
825 1491 974 1576 faciunt,
999 1492 1061 1558 ubi
1085 1489 1403 1578 omnesaperiphe-

259 1621 311 1688 ria
328 1620 439 1686 lineas
458 1618 641 1685 individuo
660 1625 778 1685 centro
801 1620 926 1685 volunt
944 1619 1136 1685 terminari.
1162 1619 1301 1687 111111
1319 1640 1401 1685 vero

137 1786 143 1794 -
194 1753 238 1818 10
259 1745 349 1812 cirea
360 1766 469 1810 unum
478 1749 649 1831 punctum
659 1749 694 1809 et
704 1743 748 1808 ad
758 1766 867 1810 unum
875 1743 1095 1812 individuum
1103 1744 1195 1810 ultra
1205 1766 1264 1810 sex
1276 1744 1402 1811 indivi-

259 1872 326 1938 dua
336 1870 537 1959 pertingere
555 1891 627 1936 non
637 1892 736 1957 posse
747 1869 989 1936 indicabimus.
1000 1870 1102 1937 Unde
1114 1876 1244 1957 quanto
1255 1870 1403 1958 amplior

259 2004 311 2065 est
330 1996 623 2080 circumferentia,
645 2001 745 2062 tanto
769 1995 981 2062 divisibilius
1003 2003 1139 2084 oportet
1161 1997 1315 2085 accipere
1336 2020 1404 2063 me·

261 2123 435 2190 dium.15.
453 2122 680 2189 Individuum
699 2122 829 2211 quippe
847 2123 999 2189 medium
1018 2123 1250 2211 peripheriam
1267 2146 1327 2191 sex
1342 2124 1404 2189 mi-

260 2248 365 2315 nimis
382 2254 597 2315 constantem
609 2247 754 2313 assumit
764 2248 913 2335 duplicis
927 2248 1076 2335 generiS,
1092 2254 1133 2314 ut
1147 2247 1275 2337 duplex
1298 2249 1404 2315 etiam

195 2379 237 2444 15
260 2379 312 2440 est
322 2372 459 2440 minimi
477 2395 597 2459 genua.
620 2373 670 2437 16.
690 2371 835 2437 Minimo
854 2379 956 2438 aucta
976 2373 1156 2457 diametm,
1169 2373 1289 2440 circuli
1306 2374 1406 2440 mini·

262 2523 318 2567 ma
329 2498 562 2588 duplicantur.
583 2499 635 2564 17.
654 2497 801 2565 Minima
824 2497 907 2565 dum
926 2498 1016 2565 eirca
1031 2499 1215 2565 minimum
1227 2499 1291 2565 hoc
1302 2508 1405 2588 pacto

263 2625 308 2693 ad
326 2623 480 2713 spatium
499 2622 741 2711 complendum
765 2624 1008 2712 adponuntur,
1033 2630 1068 2691 et
1090 2623 1323 2712 peripheriam
1346 2624 1407 2693 du·

262 2754 414 2843 plicant,
445 2751 484 2817 in
516 2750 691 2838 hexagoni
727 2751 876 2839 speciem
911 2757 1078 2840 perpetuo
1111 2760 1332 2837 excrescunt;
1372 2760 1407 2820 et

262 2885 446 2967 propterea
466 2875 670 2964 simpliciter
689 2875 855 2943 circulare
873 2876 1016 2964 physice
1029 2899 1100 2944 non
1114 2884 1229 2965 potest
1245 2900 1318 2944 esse
1337 2878 1406 2945 nisi

196 3025 242 3090 20
263 3030 372 3076 unum
388 3005 576 3073 infinitum.
598 3006 648 3070 18.
666 3005 808 3071 Praeter
823 3005 1007 3072 minimum
1030 3012 1065 3071 et
1088 3005 1325 3093 individuum,
1346 3028 1406 3074 seu

263 3141 417 3203 atomum
436 3138 471 3198 et
488 3137 674 3219 punctum,
690 3130 779 3197 nihil
798 3153 871 3198 esse
888 3153 969 3199 vere
988 3131 1158 3218 intelligo.
1184 3133 1236 3199 19.
1260 3131 1406 3198 Minima

263 3261 412 3328 invicem
426 3266 607 3348 penetrare
624 3279 702 3324 cum
718 3264 902 3346 nequeant,
918 3281 1068 3327 vacuum
1084 3280 1156 3325 esse
1170 3264 1245 3325 tum
1261 3258 1405 3347 physice

263 3396 339 3456 tum
360 3387 568 3475 geometrice
591 3385 806 3453 indicabunt.
829 3389 881 3452 20.
907 3387 979 3455 Ubi
1005 3409 1048 3454 ex
1067 3387 1254 3474 triangulis
1275 3387 1405 3454 rectili-

210 3574 219 3592 ,
264 3517 338 3584 nais
376 3538 494 3583 omnes
523 3514 645 3602 planas
677 3514 806 3601 figuras
835 3513 1042 3581 constitutas
1072 3513 1265 3601 intelligas,
1297 3513 1406 3581 conti·

199 3648 243 3713 25
264 3665 373 3710 nuum
388 3643 393 3723 Ι
407 3649 511 3729 certe,
532 3642 591 3708 sed
609 3663 680 3708 non
698 3640 883 3707 minimum
898 3642 954 3709 vel
972 3665 1014 3709 ex
1032 3642 1186 3708 minimis
1205 3641 1403 3730 percepisti3
1429 3654 1458 3716 b
1476 3654 1529 3719 ev

267 3771 485 3839 rectilineum
524 3770 654 3857 quippe
687 3769 903 3856 triangulum
933 3770 1110 3857 triangulo
1145 3770 1336 3837 curvilineo
1370 3778 1405 3836 et

268 3897 395 3964 circulo
415 3895 644 3983 compositum
667 3893 870 3962 indicamus.
889 3898 941 3961 21.
962 3895 1045 3961 Tale
1067 3894 1177 3981 igitur
1200 3895 1406 3963 continuum

267 4046 338 4092 non
356 4022 588 4091 mensurando
607 4021 790 4109 intelligis,
811 4029 846 4088 et
864 4044 928 4108 ego
951 4028 1066 4087 tecum
1090 4043 1162 4087 esse
1186 4021 1279 4105 dico,
1305 4021 1407 4108 quale

268 4152 298 4218 si
316 4149 432 4218 metiri
450 4149 550 4236 velis,
570 4171 680 4235 usque
699 4147 743 4214 ad
761 4147 945 4214 minimum
963 4147 1178 4232 resolvendo,
1197 4147 1253 4214 vel
1275 4148 1409 4216 hetero-

540 4323 696 4330 ---..-
702 4322 769 4327 --
1072 4320 1405 4329 ———-----.-——

359 4412 377 4465 8
392 4410 571 4480 peripheerie
635 4411 666 4464 13
681 4426 694 4460 e
710 4411 740 4462 17
757 4409 966 4479 periphaeriem
1028 4410 1060 4461 29
1076 4409 1276 4476 etherogeneis
