3428 5138
469 438 624 485 rnmcvnr
644 439 817 486 invasere
836 438 1104 486 nuunsunrrcos.
1319 418 1358 480 37

216 610 623 698 bisscctionispunctum
642 612 792 678 inrecta
815 611 970 678 subiecta
993 609 1176 694 indicabit,
1200 615 1241 675 ut
1263 612 1361 695 patet

217 736 255 802 in
277 744 371 804 recta
394 737 458 803 AB
481 744 611 825 puncto
638 738 669 802 B
697 737 957 804 circumfluente
985 744 1142 803 centrum
1166 735 1198 801 A
1233 733 1360 800 circulo

216 866 356 952 ΒΟΕΒ,
377 873 413 933 et
430 873 561 955 puncto
580 866 612 932 A
636 867 896 935 circumfluente
919 873 1075 933 centrum
1098 865 1129 930 B
1158 867 1297 952 [puncto
1317 862 1360 948 A]

217 994 345 1062 circulo
375 994 516 1082 AODA,
537 995 603 1062 ⁴ubi
625 1002 794 1084 punctum
818 996 844 1062 0
872 996 983 1063 fluens
1002 996 1040 1061 in
1058 1000 1228 1082 punctum
1251 992 1284 1057 D
1312 1013 1362 1056 re·

173 1123 194 1187 5
217 1129 309 1191 ctam
328 1125 393 1190 AB
411 1125 561 1192 bissecat
577 1125 615 1192 in
634 1133 765 1212 puncto
784 1124 822 1192 Ο.
850 1126 900 1190 13.
926 1125 974 1192 Ut
996 1122 1317 1212 perpendicularem
1342 1143 1362 1188 a

216 1249 299 1315 dato
318 1256 450 1337 puncto
470 1250 613 1319 ducam?
634 1249 686 1336 Si,
706 1272 745 1318 eo
764 1256 895 1340 puncto
912 1250 1027 1338 posito
1051 1255 1170 1316 centro
1189 1254 1294 1333 atquc
1313 1245 1363 1312 di-

217 1379 361 1465 stantia,
378 1401 459 1466 pars
475 1379 650 1446 subiectae
665 1385 780 1447 rectae
798 1378 1026 1446 circumfluxu
1041 1376 1361 1466 comprehendatur,

216 1507 312 1572 etin
335 1513 506 1594 punctum
534 1506 628 1574 illius
652 1506 821 1573 bissectae
855 1507 977 1573 datum
999 1512 1169 1594 punctum
1192 1504 1287 1570 fluat.
1312 1503 1363 1570 Ut

217 1659 320 1724 super
337 1642 432 1703 recta
450 1635 514 1701 AB
532 1658 553 1701 a
576 1635 658 1701 dato
681 1642 812 1724 puncto
836 1634 878 1720 (1,
903 1635 1017 1722 posito
1041 1641 1160 1701 centro
1184 1632 1211 1698 O
1235 1639 1271 1699 et
1301 1631 1365 1697 cir·

153 1773 197 1838 10
219 1761 395 1830 cumfiuxu
418 1762 529 1849 ABA,
550 1784 653 1849 super
670 1768 840 1850 punctum
856 1762 1076 1829 bissectionis
1095 1761 1124 1828 Ο
1143 1768 1312 1850 punctum
1336 1759 1363 1825 O

218 1889 311 1957 fluat.
330 1889 428 1955 Idem
446 1889 488 1954 fit
510 1889 547 1954 in
571 1887 683 1955 forma
707 1912 749 1955 ex
770 1891 809 1978 ᾖ)
830 1888 861 1956 si
883 1913 904 1955 a
926 1897 1056 1978 puncto
1074 1890 1187 1956 lineae
1211 1889 1248 1954 M
1271 1895 1306 1954 et
1329 1887 1364 1952 H

219 2019 456 2106 contingentis
475 2018 561 2084 Ain
580 2026 738 2085 centrum
761 2018 907 2086 ducatur
927 2025 1022 2086 recta
1049 2019 1113 2086 Aa.
1139 2019 1190 2085 14.
1214 2020 1264 2087 Ut
1282 2018 1363 2084 data

217 2152 311 2213 recta
330 2146 422 2212 linea
438 2146 482 2234 Θ
498 2146 562 2212 ΑΒ
581 2168 601 2211 a
619 2152 750 2233 puncto
766 2146 805 2212 in
821 2169 861 2211 ea
880 2146 960 2214 dato
978 2146 1006 2213 O
1025 2153 1156 2213 rectam
1174 2146 1303 2212 lineam
1320 2144 1364 2212 ad

219 2275 365 2360 angulos
382 2279 494 2339 rectos
514 2273 694 2340 excitabo?
713 2272 843 2340 Eodem
862 2296 930 2360 quo
951 2274 1108 2362 proxime
1132 2297 1236 2363 supra
1249 2280 1363 2363 pacto

153 2400 195 2465 15
220 2400 271 2465 15.
294 2401 345 2468 Ut
363 2422 466 2488 super
482 2400 562 2467 dato
578 2406 709 2489 puncto
729 2401 772 2489 Θ
792 2400 821 2468 0
844 2401 973 2468 lineam
987 2402 1032 2468 ad
1049 2403 1215 2489 angulum
1231 2410 1363 2470 rectum

220 2528 399 2594 excitabo?
411 2528 541 2595 Eodem
555 2536 659 2616 pacto
675 2550 743 2616 quo
758 2528 1087 2617 perpendicularem.
1104 2529 1194 2595 Item
1209 2538 1249 2595 ut
1266 2530 1302 2595 in
1322 2531 1361 2617 D

219 2677 322 2743 super
343 2663 513 2743 punctum
545 2656 577 2722 A
605 2657 643 2723 in
675 2663 769 2724 recta
792 2657 884 2723 linea
908 2657 962 2723 uA
984 2656 1304 2746 perpendicularem
1328 2666 1363 2725 et

218 2780 263 2847 ad
294 2790 428 2850 rectum
457 2784 625 2871 angulum
648 2784 717 2850 HA
740 2784 949 2872 suscipiam?
973 2784 1046 2872 Ipsi
1070 2784 1124 2852 cA
1147 2786 1285 2871 aequali
1315 2785 1363 2850 di·

219 2911 366 2984 stenltia
378 2910 454 2997 AG,
467 2912 777 3000 controqueposito
788 2938 809 2978 a
819 2921 854 2978 et
869 2912 1036 2978 distantia
1048 2911 1111 2996 ac,
1123 2911 1362 2979 circumfluen·
1386 2945 1410 2995 0
1429 2933 1483 2996 »pv

152 3036 197 3100 20
219 3037 265 3102 tis
284 3039 454 3106 sextantis
479 3040 547 3106 GH
575 3049 742 3129 punctum
771 3042 806 3107 Η
829 3041 915 3108 fluat
938 3041 976 3106 in
999 3041 1041 3107 A.
1066 3042 1118 3107 16.
1151 3041 1201 3108 Ut
1233 3040 1361 3107 lineam

220 3161 259 3228 in
284 3165 323 3251 2
350 3164 409 3230 ΟΡ
444 3164 599 3232 dividam
632 3166 921 3253 quemadmodum
943 3167 1035 3233 linea
1062 3166 1142 3232 BG?
1171 3166 1361 3253 Triangulo

222 3290 435 3376 aequilatero
455 3292 548 3359 OPA
573 3295 777 3380 constituto,
803 3295 858 3361 cui
882 3294 994 3361 eidem
1018 3294 1062 3360 ad
1085 3293 1363 3381 magnitudinem

220 3414 338 3482 lateris
352 3441 394 3484 ex
410 3418 553 3504 maiore,
572 3420 627 3486 cui
643 3420 759 3487 minor
773 3420 1064 3506 accommodetur,
1081 3427 1116 3485 et
1132 3421 1176 3486 ab
1192 3421 1321 3507 angulo
1332 3423 1365 3488 A

221 3539 313 3609 linea
331 3543 387 3610 vel
406 3544 508 3610 lineis
526 3568 589 3632 per
604 3553 733 3634 puncta
750 3546 913 3612 sectionis
937 3548 993 3613 vel
1014 3546 1205 3612 sectionum
1221 3547 1365 3634 produc·

156 3679 198 3743 25
225 3669 279 3734 tis.
306 3670 356 3736 17.
383 3671 433 3738 Ut
452 3670 581 3738 lineam
607 3674 750 3739 eandem
773 3673 928 3760 regulate
951 3673 1055 3739 rectis
1079 3673 1291 3740 sectionibus
1316 3674 1366 3739 di-

221 3794 359 3861 vidam?
379 3795 417 3862 Si
440 3819 543 3885 super
567 3797 686 3864 eadem
709 3798 784 3865 basi
807 3798 984 3885 geminato
1016 3799 1210 3886 trisingum,
1240 3823 1364 3887 nempe

221 3926 261 3987 ut
280 3944 357 3988 cum
377 3923 553 4010 triangulo
568 3924 664 3989 FGB
681 3932 908 4013 componatur
920 3925 1115 4013 triangulus
1128 3925 1232 3991 FBD.
1251 3929 1301 3992 18.
1316 3929 1364 3994 Ut

223 4046 343 4113 adata
367 4055 460 4114 recta
485 4048 691 4137 imperatam
713 4056 848 4138 partem
873 4049 1048 4117 auferam?
1073 4051 1125 4134 Si,
1145 4058 1184 4116 ut
1207 4053 1363 4139 proximo

223 4194 339 4260 supra,
356 4174 453 4241 velut
472 4176 617 4242 alteram
636 4175 783 4242 diuisam
802 4176 945 4243 divides.
964 4178 1014 4245 19.
1035 4179 1085 4246 Ut
1100 4178 1210 4244 lineas
1229 4179 1279 4245 ita
1298 4179 1365 4245 dis-

222 4444 300 4510 2uqq.
318 4432 457 4521 asty&
524 4450 556 4499 18
570 4466 667 4500 manco
681 4445 898 4515 l'interropalivo
962 4449 991 4499 19
1008 4446 1089 4516 aG]G
1151 4450 1180 4500 21
1193 4449 1363 4514 filinoum?
