3428 5138
269 407 328 464 ‘242
561 415 702 460 ronnaru
724 414 827 458 nnvnr
848 413 892 456 ns
913 413 1049 474 manino,
1071 412 1116 457 111.

267 600 321 639 sex
341 577 439 637 tribus
458 575 593 655 punctis,
612 583 643 635 et
665 574 708 635 ita
735 575 882 652 deinceps
905 593 1001 649 usque
1029 572 1068 633 ad
1094 592 1149 632 sex
1167 570 1314 633 maximas
1328 572 1414 652 illas,

267 715 343 771 (puae
360 692 439 753 radii
457 700 594 753 centrum
612 691 794 768 attingentis
811 711 968 751 numerum
986 688 1144 749 definiunt.

347 819 363 865 l.
385 811 426 869 Et
447 807 519 885 quid
548 807 677 886 prodest
700 827 755 886 per
776 816 881 885 partes
898 805 1158 884 proportionales,
1179 824 1255 879 quas
1272 811 1415 881 quantas·

269 944 396 1002 cumque
419 930 510 1003 potes
529 923 683 1002 accipere,
705 922 947 998 magnitudinem
969 929 1000 981 et
1022 940 1179 979 numerum
1203 919 1331 979 definire
1348 921 1414 980 mil-

226 1038 246 1101 ἵ)
269 1042 327 1102 lies
344 1048 435 1117 atquo
452 1039 522 1098 aliis
540 1039 743 1116 positionibus
761 1037 942 1114 indefinitis,
961 1056 1037 1113 quae
1051 1036 1169 1095 malunt
1184 1057 1245 1095 una
1261 1037 1414 1115 positione

191 1123 215 1166 '
270 1155 532 1218 <laoniensem
565 1154 617 1214 ver
644 1152 948 1214 certissimorum
976 1151 1133 1212 sevisum
1160 1159 1253 1228 aque
1285 1150 1416 1215 subdefi-

270 1272 374 1333 niendi
391 1269 594 1348 investigari?

349 1392 367 1439 ‘l
388 1389 436 1448 83.
459 1384 739 1465 Propertionalium
762 1404 879 1463 quoque
897 1384 1031 1463 partium
1047 1383 1167 1444 ratione
1185 1392 1307 1460 carent,
1326 1401 1417 1458 quam

271 1507 377 1567 nesab
392 1505 571 1584 aequalibus
585 1504 717 1565 minimis
732 1504 956 1582 dependentem
972 1503 1053 1564 omni
1068 1502 1217 1563 facilitate
1234 1503 1418 1580 colligimus.

208 1616 249 1679 10
353 1624 370 1671 l
389 1621 434 1681 Ut
451 1628 525 1697 quot
548 1622 682 1700 partium
699 1620 830 1681 senariis
853 1628 974 1681 constat
1001 1618 1260 1698 circumferentia,
1289 1619 1419 1680 totidem

273 1736 378 1796 radius
396 1736 489 1797 debet
510 1745 651 1797 constare
679 1736 818 1816 partibus
845 1737 992 1815 propriis,
1021 1755 1149 1813 quarum
1176 1755 1236 1795 una
1255 1744 1303 1796 est
1319 1736 1419 1814 basis,

274 1873 384 1932 nempe
401 1854 512 1931 medin,
524 1874 578 1914 sex
594 1854 690 1914 radiis
706 1855 944 1930 exsurgentibus
955 1854 1122 1914 communis
1139 1853 1289 1914 terminus
1295 1873 1302 1928 ;
1315 1853 1420 1929 itaque

274 1970 326 2029 ubi
344 1970 475 2030 circulus
492 1970 641 2049 accipitur
663 1970 822 2030 duedecim
844 1970 994 2049 partium,
1020 1969 1125 2055 radius
1144 1979 1192 2031 est
1209 1969 1350 2047 duarum,
1368 1969 1421 2029 ubi

275 2087 406 2148 circulus
425 2087 529 2146 decem
552 2096 584 2146 ct
612 2095 679 2146 octo
707 2085 857 2146 conflatur
883 2087 1029 2162 minimis
1053 2085 1158 2146 radius
1176 2091 1224 2146 est
1240 2086 1346 2163 trium,
1368 2085 1421 2145 ubi

213 2195 255 2259 lb
279 2203 331 2263 ille
349 2211 479 2280 quatuor
493 2213 524 2262 et
538 2203 661 2278 viginti,
678 2203 737 2263 iste
753 2211 891 2278 quatuor.
904 2201 980 2262 Inde
998 2201 1077 2261 sicut
1095 2201 1208 2261 senarii
1225 2202 1422 2280 processione

277 2319 542 2382 circumferentiae
567 2326 671 2397 partes
701 2318 957 2396 multiplicantur,
980 2318 1023 2377 ita
1040 2339 1095 2396 pro
1121 2317 1237 2377 minimi
1257 2318 1424 2395 investiga-

277 2441 360 2500 tione
372 2459 439 2498 cum
451 2437 489 2496 ad
504 2457 601 2497 novas
618 2456 707 2497 arcus
718 2437 886 2497 divisiones
899 2437 1102 2516 procedimus,
1118 2446 1149 2497 et
1164 2436 1297 2516 partium
1311 2456 1423 2497 novam

278 2554 465 2616 adsumimus
479 2553 638 2613 rationem.

359 2676 376 2723 l
399 2673 446 2731 90.
470 2673 506 2730 In
520 2670 697 2731 memoriam
712 2669 926 2748 revocandum,
941 2678 975 2731 ut
989 2668 1020 2730 in
1034 2670 1166 2748 sphaera
1181 2668 1329 2729 maximus
1341 2669 1424 2730 orbis

213 2784 257 2847 20
280 2795 328 2850 est
344 2788 395 2866 qui
411 2807 468 2866 per
486 2795 623 2848 centrum
642 2786 790 2848 diametro
809 2788 1002 2863 terminatur,
1021 2787 1073 2846 ubi
1092 2785 1227 2867 (senario
1244 2786 1425 2848 subordina-

280 2915 378 2966 tarnm
395 2906 527 2983 partium
543 2913 703 2966 constante
720 2908 858 2985 numero)
878 2916 952 2983 quot
970 2911 1075 2985 partes
1093 2925 1165 2965 area
1185 2903 1426 2983 comprehendat

281 3031 330 3084 est
345 3019 550 3081 manifestum.
574 3021 606 3079 Si
634 3022 701 3097 quis
730 3022 809 3081 enim
834 3042 871 3081 ex
888 3021 1022 3099 globulis
1050 3022 1212 3100 sphaeram
1240 3020 1426 3098 regulariter

283 3137 481 3217 compositam
499 3137 681 3215 inspexerit,
700 3137 727 3196 si
744 3137 841 3215 primo
857 3146 973 3198 statuta
991 3145 1041 3199 est
1056 3137 1205 3198 maximae
1228 3157 1318 3197 areae
1335 3138 1427 3197 ambi·

283 3264 332 3316 tus
348 3253 479 3332 partium
493 3254 603 3329 viginti
617 3263 649 3314 et
666 3262 804 3332 quatuor,
823 3263 888 3315 tota
906 3275 977 3315 area
995 3256 1053 3315 erit
1070 3257 1202 3334 partium
1220 3254 1381 3332 sexaginta
1396 3264 1427 3315 et

217 3364 260 3426 ⁴25
284 3372 380 3431 unius.
408 3369 440 3429 Si
468 3369 713 3430 circumferentia
739 3379 860 3432 constet
890 3370 1059 3434 octodecim
1086 3372 1241 3451 partibus,
1270 3392 1342 3432 area
1369 3370 1428 3431 erit

284 3489 415 3568 partium
447 3496 564 3566 septem
588 3499 619 3548 et
646 3489 782 3565 triginta.
814 3489 983 3551 Duodecim
1016 3491 1155 3570 partibus
1183 3488 1429 3551 circumferentia

285 3628 387 3666 aream
405 3606 509 3666 decem
532 3618 563 3666 et
584 3627 693 3667 novem
723 3607 853 3685 partium
873 3609 1094 3687 complectitur,
1114 3612 1118 3687 Ι
1136 3610 1190 3669 illa
1207 3628 1261 3669 sex
1288 3588 1587 3687 partibusP·104

285 3724 375 3782 istam
392 3732 512 3800 septem
534 3725 674 3801 partium.
697 3724 766 3784 l'na
794 3724 916 3784 tandem
943 3745 1016 3803 pars
1042 3725 1195 3804 seipsam
1221 3736 1274 3785 ant
1301 3725 1428 3785 nihilum

286 3838 548 3918 comprehendens
565 3839 787 3917 homogeneum
809 3849 916 3901 restat.
935 3839 1084 3901 Diametri
1107 3841 1201 3919 igitur
1222 3842 1320 3919 primo
1339 3841 1428 3901 ratio·

220 3952 264 4014 30
286 3976 355 4015 nem
374 3955 486 4016 habere
506 3966 627 4034 oportet
645 3977 721 4035 curri,
737 3957 788 4032 qui
805 3957 900 4017 totins
918 3957 1067 4037 sphaerae
1082 3958 1133 4017 vel
1151 3957 1256 4017 circuli
1271 3977 1428 4018 numerum

288 4072 355 4130 vult
385 4073 540 4148 colligere.
568 4073 658 4132 Unde
685 4072 881 4133 manifestum
908 4082 965 4152 est,
990 4074 1243 4151 quemadmodum
1271 4075 1427 4151 subiectis,

288 4198 467 4247 nouantem
488 4188 677 4265 imaginariis
698 4188 837 4267 partibus
855 4190 998 4251 circulum
1021 4191 1199 4267 dividendo,
1219 4211 1278 4249 non
1298 4200 1345 4251 est
1362 4212 1430 4269 pos-

288 4352 419 4358 —-...—
430 4352 477 4356 ----
496 4351 591 4356 --—-
623 4351 708 4356 ——-
721 4351 863 4356 ——--
886 4351 944 4357 --.-
961 4352 988 4358 ,.-
998 4352 1036 4358 -.-
1111 4354 1114 4358 .
1132 4350 1422 4359 -Ἄ--η

383 4444 422 4493 CO.
433 4444 462 4491 21
481 4442 529 4492 ubi
545 4442 658 4494 senario
669 4455 840 4492 -numero:
856 4446 927 4511 quot
