3428 5138
258 445 319 503 314
561 456 701 502 rounam
723 455 826 499 aavm
847 456 892 501 nn
912 457 1049 519 mmrm,
1071 456 1101 501 v.

259 617 325 680 Per
343 619 511 701 puuctum
531 619 706 678 ostensum
726 613 771 694 (1)
789 610 928 697 gyratio
948 611 1178 699 concipiatur,

258 731 389 817 Utpote
409 752 496 815 quae
515 728 703 810 Bacchum,
724 728 923 792 Hermetem
942 734 1034 794 secat
1053 735 1157 816 atque
1176 728 1340 796 Plutonis
1396 761 1410 801 a

259 846 346 912 Oras
366 845 395 911 si
413 845 545 927 lubeat;
567 844 649 928 quia
669 843 796 909 sufficit
814 851 855 909 ut
873 844 920 908 sit
938 844 1064 930 Apollo

258 964 488 1048 Comprensus
507 958 623 1045 radio,
645 960 704 1043 qui
723 959 874 1046 primum
892 960 1059 1025 terminat
1078 982 1209 1044 arcum,

214 1074 235 1140 5
258 1079 362 1163 Isque
380 1076 447 1142 tibi
466 1077 529 1141 fiat
549 1081 706 1140 centrum
726 1075 897 1160 (tractoque
917 1076 1067 1142 secundo

258 1194 355 1281 Gyro
375 1196 421 1276 (2)
440 1193 519 1276 hoc,
541 1215 607 1278 quo
627 1191 725 1257 radio
746 1191 983 1278 Ganymedem
1002 1193 1119 1278 tangit
1138 1193 1279 1280 Apollo,

258 1309 421 1396 Erigonis
440 1315 610 1395 punctum
629 1307 798 1389 invenies,
819 1330 922 1392 quem
941 1308 1065 1373 deinde
1084 1314 1241 1396 reportat
1383 1338 1410 1375 m

257 1429 369 1492 Arcus
389 1426 443 1491 bis
464 1424 560 1490 radio
581 1445 802 1511 comprensus
820 1431 900 1511 post
919 1423 1167 1511 Ganymedem.

257 1543 360 1607 Illinc
379 1541 535 1606 defluxus
554 1540 849 1628 perpendicularis
868 1541 1028 1626 habetur,

191 1663 235 1725 10
258 1658 304 1721 Et
322 1663 436 1722 rectus
455 1679 535 1722 vero
555 1656 622 1721 tibi
642 1656 799 1721 concidet
818 1656 965 1742 angulus
985 1655 1094 1722 illinc.

257 1772 343 1838 Inde
363 1773 422 1838 ubi
443 1773 633 1860 conspicias
653 1796 760 1858 aeque
779 1773 1097 1860 perpendicularem

259 1890 387 1955 Oceani
407 1912 426 1955 a
445 1899 575 1976 puncto
592 1897 790 1977 punctoque
810 1889 853 1955 ab
872 1890 1047 1977 Apollinis
1066 1913 1152 1973 esse,
1380 1918 1406 1957 15

259 2007 420 2071 Erectam
439 2006 594 2091 aequatis
616 2012 831 2072 constantem
850 2006 1008 2071 lancibus
1025 2006 1136 2071 ambis

259 2122 442 2187 Adtaetam
464 2123 596 2198 semitis
614 2123 790 2188 radiorum
809 2124 846 2188 iu
865 2123 941 2209 lege
960 2123 1119 2210 repertis,

198 2239 238 2302 lo
265 2239 402 2318 Quanta
422 2240 527 2305 etiam
546 2241 727 2327 attingunt
745 2248 913 2328 punctum
934 2241 1157 2327 Ganymedis.
1179 2241 1316 2307 Orestes
1418 2250 1563 2327 p.1'?4

262 2354 471 2422 Monstrabit
491 2365 616 2441 tetum,
637 2366 671 2422 et·
691 2357 803 2423 finitio
823 2379 904 2423 vera
922 2357 1042 2444 petita.

648 2665 781 2709 VERTEX
802 2665 1023 2711 DESCENDENS.

350 2841 424 2891 snper
438 2843 525 2881 rectam
540 2852 553 2880 a
567 2840 620 2881 (tato
637 2846 731 2891 puncto,
747 2842 845 2892 quodni
860 2853 887 2882 ea
902 2853 949 2882 uon
963 2846 1008 2893 est,
1027 2841 1240 2892 perpendicularem
1255 2843 1319 2882 duco.

265 3056 314 3120 At
332 3054 362 3119 si
380 3077 451 3120 non
470 3055 507 3119 in
525 3077 643 3140 quem,
664 3055 723 3120 sed
742 3053 783 3119 de
805 3077 872 3140 quo
892 3063 986 3120 recta
1006 3055 1174 3122 trahenda
1193 3055 1277 3121 haec
1383 3086 1410 3125 m

199 3175 243 3238 ‘20
265 3173 425 3236 Donatur
444 3178 592 3258 punctus
613 3172 673 3253 (3),
694 3170 821 3255 dequo
841 3171 997 3236 subiecta
1017 3174 1062 3255 (4)
1084 3177 1236 3259 receptet

266 3289 391 3353 Casum
411 3287 453 3352 de
472 3310 608 3353 sursum
627 3296 739 3351 rectae
759 3286 1096 3372 perpemlicularem‚

267 3404 398 3489 Nempe
417 3402 498 3468 hinc
519 3425 586 3488 qua
604 3403 693 3467 fiunt
712 3402 904 3468 Concordia
925 3402 1115 3487 Gratiaque
1135 3426 1257 3488 unum,

270 3518 466 3596 Quamlibet
484 3519 573 3584 hanc
593 3532 727 3583 tensam
746 3518 875 3604 capias,
897 3519 956 3583 ubi
977 3519 1119 3606 concipe
1138 3528 1267 3607 puncta

269 3637 376 3718 (Quae
395 3659 487 3702 nunc
506 3635 577 3700 sint
595 3635 670 3720 ipsa
690 3642 724 3699 et
741 3634 933 3700 Concordia
955 3635 1145 3721 Gratiaque
1165 3637 1267 3724 ipsa),
1386 3667 1414 3706 ea

201 3751 245 3815 ‘25
268 3753 300 3817 A
317 3753 443 3839 quibus
462 3761 639 3818 ostensum
657 3773 764 3836 aeque
784 3751 979 3817 abstantem
996 3775 1133 3818 cernere
1151 3755 1263 3841 possis

269 3870 456 3951 Punctum,
476 3876 515 3932 ut
535 3868 634 3933 deinc
654 3865 805 3932 medium
825 3866 917 3932 dicta
936 3868 1027 3933 iuter
1046 3869 1129 3934 bina
1148 3873 1193 3954 (ὗ)
1214 3878 1373 3938 notatum

269 3986 441 4066 InvenieS,
464 3984 574 4049 veluti
592 3985 776 4050 libramine
796 3984 841 4049 sit
861 3986 1083 4050 manifestum

269 4102 379 4186 Inque
399 4102 512 4187 ipsum
532 4101 661 4166 recidet
678 4100 945 4167 demonstranda
965 4102 1024 4167 illa
1043 4102 1153 4188 petita
1173 4103 1220 4185 (6)

269 4220 323 4284 Ex
338 4217 401 4283 hoc
423 4217 514 4303 quod
532 4218 636 4283 finem
656 4218 764 4283 multo
784 4218 1008 4284 inclinamiue
1028 4227 1212 4303 utrumque
1232 4222 1278 4301 (7)
1388 4248 1413 4286 aa

205 4338 249 4401 30
271 4334 428 4421 Respicit
447 4333 578 4400 adnexo
598 4339 711 4399 costae
730 4355 839 4418 aequo
858 4335 998 4400 tramite
1017 4335 1180 4420 utrinque
1200 4336 1247 4415 (8)

273 4451 483 4518 Monstra-bit
501 4457 613 4517 totum
632 4449 745 4517 finitio
766 4472 845 4515 vera
865 4450 1004 4539 petitae.
