3428 5138
549 428 866 476 courmrnnrlouas
886 426 930 473 EX
954 426 1087 472 lumino.

244 587 337 654 Actu
361 587 566 674 conspicuus
584 592 730 652 naturae
749 584 878 651 artisve
896 584 1046 672 potenti,

242 703 389 783 Quando
408 703 572 770 continue
588 702 761 768 obiectum
781 701 860 767 fluit
879 707 982 786 atque
1001 706 1168 786 potestas,

242 819 315 885 Nec
332 819 438 906 parili
455 841 571 885 secum
587 825 691 904 atque
710 817 787 883 aliis
807 816 883 902 quit
903 816 1019 881 cedere
1036 838 1148 903 passu.

244 934 301 1000 Sic
320 935 380 1001 lux
399 943 503 1020 atque
523 934 615 1001 calor
633 933 746 999 medio
763 932 978 998 eiaculantur
997 931 1040 997 ab
1060 931 1152 1017 igne,

199 1051 220 1115 5
244 1050 301 1116 Sic
320 1050 476 1117 redolens
492 1050 623 1117 redolet
641 1050 795 1116 minimis
813 1048 1112 1134 circumundique
1132 1048 1231 1114 iactis

245 1165 419 1233 Continuo
436 1165 575 1250 effluxu,
596 1189 684 1252 qnae
702 1190 722 1232 a
739 1166 840 1231 rebus
859 1166 930 1231 lata
949 1187 1010 1252 per
1030 1165 1147 1230 orbern
1362 1190 1390 1230 ss

244 1283 438 1369 Evolitant,
458 1283 580 1350 iisdem
601 1290 750 1369 suntque
769 1282 983 1348 influitantia
998 1282 1042 1347 ab
1059 1281 1150 1347 orbe.

246 1398 313 1465 Sed
331 1422 403 1465 non
423 1400 586 1465 continue
605 1398 793 1465 succedunt
811 1397 969 1485 partibus
989 1398 1120 1482 aequis,

244 1513 375 1601 Aequis
390 1515 618 1602 temporibuS,
639 1515 778 1602 spaciis,
795 1514 927 1580 virtute
945 1514 1101 1600 locoque;

180 1631 222 1694 10
245 1629 411 1707 Quamvis
430 1630 601 1719 sphaerali
619 1630 880 1716 fundanturqne
898 1631 1051 1716 undique
1068 1653 1202 1717 semper

246 1744 421 1834 Appulsu,
442 1747 491 1812 sic
506 1747 719 1837 decrescant,
738 1748 786 1813 sic
805 1748 1043 1833 deficiantque.
1350 1775 1388 1813 roo

247 1861 466 1950 Quapropter
482 1886 602 1929 verum
621 1864 798 1929 infinitum
815 1863 943 1929 dixeris
958 1887 1067 1929 unum

244 1977 328 2043 Esse
345 1978 488 2064 globum
505 1986 540 2045 et
559 1979 704 2066 cyclum,
722 1979 904 2045 minimum
922 1979 1012 2065 quod
1029 1978 1300 2066 simpliciterque
1321 1984 1385 2062 cst,

244 2093 291 2158 Et
310 2117 476 2181 magnum
493 2118 595 2183 super
615 2119 728 2180 omne,
749 2096 874 2182 quibus
893 2095 982 2160 nihil
1001 2095 1119 2160 haeret
1139 2094 1266 2180 inique.

179 2315 221 2379 15
324 2313 484 2374 Naturalia
501 2314 602 2374 omnia
620 2315 706 2394 (licet
723 2314 870 2391 quaedam
889 2315 996 2374 horum
1013 2313 1126 2392 magis,
1145 2314 1294 2390 quaedam
1312 2334 1385 2375 vero
1408 2336 1449 2397 p.
1466 2321 1535 2384 65

245 2431 359 2510 minus,
377 2431 496 2492 tardius
513 2431 679 2510 quaedam,
703 2431 850 2508 quaedam
882 2451 956 2493 vero
985 2430 1135 2503 velocius,
1162 2431 1238 2491 haec
1266 2431 1386 2508 quidem

245 2548 434 2628 expressius,
453 2549 506 2609 illa
522 2549 746 2630 insensibilius)
762 2550 904 2610 continua
926 2550 1107 2626 alterantur,
1126 2549 1298 2628 trepidant,
1325 2571 1387 2610 mc·

245 2672 366 2742 ventur,
399 2668 609 2745 exagitantur,
639 2667 781 2744 quocirca
811 2666 885 2728 licet
910 2688 969 2728 nna
994 2667 1092 2728 forma
1121 2667 1159 2727 ad
1187 2687 1308 2728 sensum
1336 2669 1388 2728 ali·

246 2782 379 2860 quandiu
396 2784 457 2845 fixa
478 2785 643 2846 secundum
669 2805 760 2845 unam
788 2785 983 2845 consistendo
1012 2805 1150 2845 normam
1177 2785 1332 2865 videatur,
1355 2787 1387 2847 id

179 2903 223 2966 20
245 2912 347 2966 tamen
364 2924 402 2965 ex
418 2904 463 2965 rei
484 2913 593 2964 natura
614 2904 795 2983 simpliciter
816 2903 1006 2983 impossibile
1036 2903 1205 2967 iudicamus
1223 2915 1258 2966 ut
1281 2925 1388 2970 conve-

244 3022 321 3097 niat3
332 3020 412 3099 quod
424 3040 485 3081 non
501 3020 577 3081 adeo
597 3021 708 3097 vulgus
725 3020 811 3100 latet,
826 3041 864 3081 ne
879 3021 978 3100 ipsum
994 3042 1114 3099 quoqne
1131 3023 1264 3084 fateatur
1281 3045 1386 3087 verum

245 3140 389 3201 circulum
400 3142 431 3199 in
443 3139 721 3200 materiasensibus
732 3141 873 3219 exposita
883 3159 942 3200 non
955 3140 1125 3220 comperiri.
1137 3141 1285 3203 Sublimis
1295 3163 1386 3221 porro

245 3256 515 3338 peripateticorum
527 3257 717 3334 ingeniorum
732 3258 862 3332 numina,
873 3257 952 3319 sicut
963 3258 1001 3320 de
1012 3259 1117 3337 nihilo,
1129 3260 1160 3319 id
1172 3267 1220 3320 est
1230 3260 1269 3321 de
1280 3261 1387 3336 quinta

244 3375 390 3449 essentia,
410 3376 571 3456 sphaeras,
590 3377 681 3436 orbes
699 3378 876 3452 caelumque
898 3395 965 3436 curn
987 3377 1052 3437 suis
1073 3378 1243 3438 motoribus
1268 3377 1388 3439 univcr-

178 3493 221 3556 ‘25
244 3513 311 3554 sum
330 3511 487 3571 creavere,
507 3490 652 3553 facillime
675 3493 768 3552 etiam
782 3491 857 3552 illud
875 3493 1089 3572 philosophiae
1110 3513 1207 3570 genus
1225 3513 1387 3555 concreata

246 3617 423 3689 potueruut,
441 3610 520 3686 quod
539 3630 576 3672 ex
598 3611 697 3671 causis
715 3611 921 3671 immobilibus
940 3618 1031 3687 atque
1047 3611 1279 3671 invariabilibus
1307 3611 1387 3671 circa

247 3727 433 3807 (invariabili
454 3737 507 3788 aut
527 3727 610 3788 nulla
631 3728 803 3789 consistens
824 3726 965 3807 materia)
988 3727 1105 3789 caelum
1127 3737 1271 3790 causatos
1299 3730 1388 3790 intel-

245 3846 357 3923 ligeret
373 3845 455 3922 illos,
475 3865 552 3921 quos
570 3845 781 3905 exactissimos
803 3855 960 3922 geometra
977 3845 1077 3925 possit
1093 3844 1239 3924 effingere
1256 3847 1387 3908 circulos

245 3975 338 4042 atque
360 3965 478 4042 globos.
500 3966 543 4023 At
570 3984 626 4024 nos
655 3963 718 4042 (qui
747 3983 807 4024 non
835 3965 865 4023 in
891 3964 956 4025 solo
985 3964 1089 4024 audito
1119 3966 1214 4025 verbo
1243 3965 1387 4043 explendi

178 4081 224 4145 30
249 4081 340 4141 animi
352 4071 469 4141 lamem
488 4081 700 4141 consuevimus
718 4080 877 4160 pabulare,
897 4081 952 4142 sed
974 4089 1006 4140 et
1026 4081 1107 4140 ultro
1123 4101 1267 4143 sensuum
1285 4082 1388 4144 molio-

247 4221 313 4261 rum
340 4208 430 4278 atquc
447 4201 612 4261 firmiorum
639 4201 789 4260 rationum
818 4220 927 4278 panem
947 4200 1154 4280 exposcimus)
1172 4200 1318 4262 habemus
1335 4203 1385 4262 nbi

719 4358 836 4365 -.......
875 4360 925 4365 —.-.
944 4360 1008 4366 .-—.
1037 4361 1053 4365 ..
1101 4360 1129 4366 .-
1157 4362 1161 4366 .
1228 4363 1232 4366 .
1255 4362 1277 4368 .-
1305 4363 1380 4371 ...κ

336 4461 353 4511 8
369 4460 485 4513 caedere
