3428 5138
368 359 425 417 1130
668 369 929 415 1onnaa'1nuva'1
951 370 995 413 nn
1016 370 1152 432 nummo,
1176 370 1197 414 1.

363 533 462 587 totum
478 546 539 586 nou
556 524 748 604 componitur
766 544 804 585 ex
820 525 965 601 minimis;
977 545 1050 603 orgo
1064 524 1250 586 resolvendo
1265 543 1324 584 non
1339 521 1505 601 attingitur

363 665 417 722 per
435 644 566 724 partium
577 642 795 704 resolutionem
805 651 1079 720 quantamcumque
1089 644 1253 703 minimum.
1269 642 1330 702 Hic
1340 648 1389 702 est
1399 639 1503 700 Achil·

362 759 419 820 les:
439 758 514 819 haec
531 766 592 837 est,
609 759 756 838 inquam,
774 759 972 820 terminorum
995 757 1145 838 confusio,
1165 758 1245 818 undo
1271 757 1423 818 catholica
1449 756 1504 816 illa

361 876 449 936 ruina
474 875 662 953 devolvitur,
693 896 754 935 non
780 875 970 953 distinguere
997 875 1151 935 minimum
1177 895 1195 934 a
1221 874 1351 935 termino
1373 872 1501 951 minimi,

318 998 338 1060 ῡ
361 1001 480 1072 partem
498 1015 516 1053 a
533 993 662 1054 termino
680 993 787 1072 partis.

442 1111 625 1177 qucamus
642 1110 760 1171 melius.
782 1110 940 1170 Minimum
964 1130 1024 1169 non
1050 1109 1150 1188 tangit
1177 1130 1210 1170 se
1235 1114 1301 1170 toto
1329 1128 1428 1187 neque
1455 1109 1503 1170 sui

360 1238 447 1309 parte
465 1230 595 1290 altorum
611 1228 778 1304 minimum,
798 1228 854 1289 sed
870 1248 924 1288 suo
943 1227 1003 1288 fine
1020 1229 1110 1306 plura
1124 1236 1229 1306 potest
1246 1227 1399 1305 attingere
1416 1229 1502 1289 mini·

360 1366 421 1423 ma,
436 1345 517 1406 sicut
539 1344 631 1405 etiam
649 1346 764 1405 nullum
785 1364 895 1423 corpus
919 1364 953 1405 se
970 1352 1035 1405 toto
1055 1346 1104 1406 vel
1116 1351 1204 1423 parte
1216 1345 1280 1423 sui,
1297 1344 1354 1405 sed
1371 1344 1422 1406 vel
1436 1352 1501 1405 tota

360 1463 409 1523 vel
422 1462 625 1524 extremitatis
637 1468 725 1541 parte
737 1462 838 1540 tangit
854 1462 996 1538 alterum;
1015 1463 1094 1522 sicut
1104 1461 1135 1521 in
1146 1462 1237 1540 plano
1255 1462 1305 1522 ubi
1320 1462 1500 1542 superficies

296 1575 337 1639 10
359 1579 539 1639 terminatur
554 1578 593 1638 ad
608 1577 814 1657 superficiem,
824 1578 856 1637 in
873 1578 953 1637 linea
969 1577 1020 1639 ubi
1034 1598 1106 1657 pars
1125 1578 1305 1639 terminatur
1317 1579 1355 1639 ad
1366 1588 1497 1659 partem,

360 1716 420 1755 uon
441 1716 512 1774 pars
535 1694 718 1773 intelligitur
735 1703 855 1775 partem
871 1716 905 1757 se
920 1696 989 1775 ipsa
1003 1695 1055 1757 vel
1072 1703 1159 1774 parte
1176 1695 1238 1771 sui,
1257 1695 1313 1756 sed
1330 1717 1386 1776 per
1412 1718 1500 1758 suum

359 1813 520 1873 torminum
536 1813 705 1890 attingens:
724 1811 872 1873 terminus
894 1832 967 1890 ergo
989 1811 1104 1887 estqui
1126 1811 1209 1872 nulla
1227 1821 1376 1894 estpars,
1396 1822 1427 1875 ct
1444 1836 1500 1893 per

359 1948 547 2007 consequens
557 1948 653 2005 nequo
665 1928 787 1988 minima
799 1930 946 2006 pars.Est
957 1929 1035 1989 enim
1048 1928 1284 1990 contradictoria
1294 1930 1404 2009 dicere,
1417 1931 1502 1994 mini-

359 2069 439 2107 nmm
451 2048 496 2109 rei
506 2056 536 2108 ct
550 2068 609 2107 non
621 2054 738 2125 partem
750 2048 803 2107 roi.
817 2047 854 2106 Id
865 2047 891 2106 si
903 2046 1122 2126 considerabis,
1132 2047 1289 2126 intelliges
1300 2058 1334 2109 ut
1345 2049 1498 2111 minimum

294 2166 335 2229 li)
359 2172 442 2224 certo
464 2163 594 2239 quodam
619 2171 941 2242 numcr0,nonpa1·te
962 2183 1022 2224 uua
1043 2163 1093 2255 vel
1118 2163 1269 2243 pluribus,
1287 2164 1344 2224 sed
1360 2167 1500 2244 pluribus

357 2281 495 2342 terminis
512 2280 651 2358 aequalia
668 2281 728 2342 sibi
745 2281 834 2359 plura
851 2281 991 2359 attingat.
1012 2280 1062 2339 Sic
1080 2281 1221 2341 minimus
1238 2281 1410 2359 triangulus
1434 2293 1498 2344 tres

357 2398 473 2459 similes
485 2406 516 2458 ot
527 2398 678 2476 aequales,
691 2405 872 2476 tetragonus
886 2406 1016 2474 quatuor
1027 2397 1143 2459 similes
1155 2406 1188 2458 et
1198 2399 1350 2477 aequales,
1367 2399 1497 2460 circulus

357 2536 411 2577 sex
438 2517 555 2577 similos
576 2523 608 2576 ot
629 2517 780 2592 aequales.
806 2516 868 2575 Par
891 2515 1035 2576 iudicium
1052 2523 1101 2576 cst
1121 2516 1153 2575 in
1174 2515 1285 2576 atomis
1303 2518 1495 2596 corporibus,

357 2658 482 2716 quorum
497 2639 618 2715 singula
633 2636 827 2698 extremitate
841 2657 896 2697 sua
910 2637 998 2715 plura
1012 2636 1122 2696 similia
1140 2636 1296 2714 attingunt
1311 2637 1495 2699 necessario.

290 2754 335 2818 ‘20
436 2757 453 2804 ‘l
474 2754 599 2833 Inquies
616 2754 751 2834 stupide:
771 2773 844 2832 ergo
863 2752 952 2813 datur
977 2754 1077 2813 minus
1097 2752 1232 2830 minimo,
1251 2753 1494 2831 quandoquidem
1518 2767 1559 2828 p.
1574 2752 1646 2817 30

355 2871 422 2948 hoc,
440 2891 498 2948 quo
516 2872 671 2932 minimum
688 2871 789 2949 tangit
800 2870 964 2946 minimum,
977 2878 1026 2931 ost
1042 2868 1149 2930 minus.
1161 2869 1372 2948 Nequaquam,
1385 2871 1496 2950 amice,

355 2990 412 3051 sed
429 2997 480 3050 tuo
497 2997 529 3049 te
545 3008 629 3049 more
646 2986 817 3049 confundis.
836 2989 902 3049 Hic
920 2988 979 3048 duo
1006 2997 1078 3048 sunt
1104 2987 1220 3048 minimi
1236 3008 1359 3067 genera,
1382 2996 1414 3049 et
1431 2990 1497 3050 cius

356 3105 436 3182 quod
460 3105 560 3182 tangit
585 3105 617 3164 id
639 3111 687 3166 est
712 3104 824 3184 partis,
842 3113 874 3165 et
891 3105 1031 3181 eiusque
1054 3104 1089 3164 fit
1112 3112 1214 3165 tactus
1237 3104 1340 3165 idest
1366 3105 1496 3166 termini.

357 3223 442 3282 Tunc
459 3223 503 3283 sic
528 3221 664 3298 loquere:
693 3221 816 3281 minima
834 3231 922 3300 parte
948 3241 1008 3280 non
1035 3220 1126 3281 (latur
1152 3221 1251 3280 minor
1268 3240 1354 3299 pars,
1373 3222 1496 3282 minimo

289 3336 333 3399 ‘25
355 3338 485 3398 termino
503 3338 605 3418 (quem
621 3337 652 3396 in
669 3337 793 3396 minima
809 3345 897 3416 parte
920 3357 996 3415 opus
1017 3346 1066 3397 ost
1087 3339 1169 3416 asse)
1198 3357 1260 3398 nou
1282 3336 1373 3397 datur
1399 3338 1497 3398 minor

355 3455 515 3531 terminus,
533 3454 603 3532 quia
620 3453 751 3515 maiores
779 3464 884 3532 partes
908 3454 1015 3514 maiori
1040 3473 1074 3514 sc
1105 3454 1261 3530 attingunt
1280 3453 1423 3533 termino,
1443 3456 1496 3514 mi·

355 3594 445 3634 noros
462 3573 578 3634 minori.
606 3573 714 3651 Neque
741 3573 838 3634 omnis
859 3574 991 3652 sphaera
1017 3572 1118 3651 tangit
1143 3573 1307 3650 sphaeram
1328 3572 1360 3631 in
1383 3586 1495 3651 puncto

355 3690 535 3769 simpliciter
552 3689 685 3766 minimo,
707 3689 766 3750 nisi
784 3698 904 3750 atomus
923 3697 1065 3766 quaeest
1091 3688 1215 3749 minima
1241 3688 1386 3767 sphaera,
1410 3692 1494 3752 cuius

356 3808 448 3868 etiam
465 3807 644 3883 contingens
661 3817 791 3886 punctus
809 3808 840 3866 in
856 3826 969 3884 genere
990 3805 1187 3867 terminorum
1214 3812 1262 3866 est
1288 3804 1437 3866 minimus.
1457 3808 1493 3868 Id

290 3916 334 3978 30
356 3934 456 3984 tamen
473 3944 579 3984 vorum
596 3934 644 3984 cst
654 3969 661 3999 ,
681 3924 761 4000 quod
778 3924 910 4001 sphaera
933 3922 1156 3999 quantumlibet
1173 3941 1283 3999 magna
1300 3941 1361 3982 nou
1379 3923 1492 3985 maiore

358 4047 404 4106 sui
420 4052 506 4122 parto
524 4063 622 4119 noque
640 4042 755 4104 minore
772 4041 930 4118 aequalem
947 4041 1006 4103 sibi
1022 4041 1133 4119 tangit,
1148 4062 1237 4118 quam
1251 4040 1494 4121 minimaaequn-

356 4163 416 4223 lom
448 4162 507 4222 sibi
535 4161 701 4237 minimam;
726 4179 786 4220 uon
811 4169 913 4220 tamon
938 4160 1077 4237 sequitur
1100 4178 1166 4220 eum
1190 4157 1300 4219 iccirco
1325 4159 1356 4218 in
1381 4171 1493 4239 puncto

357 4279 538 4358 simpliciter
565 4279 687 4339 minimo
714 4287 853 4356 tangore,
872 4279 942 4355 quia
969 4284 1128 4357 oporteret
1153 4287 1185 4339 ct
1211 4276 1319 4356 ipsam,
1347 4285 1381 4336 ut
1407 4285 1492 4337 tanto

358 4407 491 4459 extremo
509 4399 688 4476 attingatur,
708 4417 775 4459 esse
792 4398 953 4458 minimam.
