3428 5138
206 370 264 434 164
512 381 774 432 1onusn1uavn1
795 381 995 449 unumne,
1018 384 1039 431 ι.
1060 399 1067 408 ·

203 545 401 631 Progressu.
418 541 595 630 Incipient
613 542 714 608 velex
733 548 767 607 et
785 541 933 625 tardius,
950 540 1063 625 aiunt,
1327 569 1357 609 2⁵

203 662 361 746 Currere,
376 683 447 727 nou
465 660 692 726 intermissim
710 659 940 747 properando,
962 658 1149 743 simulque,

204 778 317 845 Ambe
338 776 615 864 quandoquidem
635 777 698 842 tali
718 783 799 842 sunt
818 777 953 842 concita
970 782 1075 859 sorte,

203 896 256 961 Ne
274 897 371 983 prius
391 897 570 983 attingant
589 894 735 980 distans,
753 917 857 980 quam
875 899 1001 961 cuncta
1016 893 1214 982 propinqua
1233 899 1270 959 et

159 1015 180 1079 5
204 1011 362 1097 Singula;
382 1034 445 1076 nec
464 1010 574 1076 maius
590 1017 759 1097 punctum
778 1009 880 1075 datur
898 1009 992 1075 istud
1008 1016 1043 1075 et
1061 1007 1161 1093 illud,

203 1129 253 1195 Ut
268 1128 365 1214 prius
383 1127 448 1193 hoc
464 1128 563 1192 velox
583 1147 687 1211 quam
706 1125 845 1210 tardum
863 1132 1017 1192 transeat
1036 1125 1143 1210 ultra,
1326 1153 1354 1194 so

205 1243 252 1308 Et
269 1243 407 1308 tardum
427 1249 461 1307 et
483 1243 581 1308 velox
599 1249 726 1306 metam
746 1240 849 1306 simul
868 1263 951 1327 ergo
970 1241 1151 1307 tenebunt.

204 1360 386 1425 Praeterea
406 1359 582 1425 adducunt
597 1358 702 1445 duple
722 1357 872 1424 velocius
891 1381 1000 1424 unum
1375 1375 1420 1437 p.
1434 1359 1508 1424 33

202 1476 331 1541 Mobile
351 1498 454 1561 quam
473 1473 659 1559 reliquum,
680 1481 718 1538 ut
736 1473 889 1539 habeant
906 1497 1105 1562 percurrere
1120 1472 1261 1563 punctis

138 1594 181 1658 10
203 1591 395 1669 Quiudenis
414 1597 575 1656 constans
592 1589 760 1676 spacium,
781 1590 836 1655 vel
858 1590 1030 1674 quotlibet
1047 1592 1140 1657 ultra

203 1708 413 1795 Irnparibus3
429 1714 614 1794 postquam
629 1704 695 1770 hoe
713 1706 865 1772 medium
880 1707 1106 1794 percurrerit,
1126 1706 1180 1772 illi
1323 1734 1351 1775 at

204 1824 339 1911 Integri
357 1823 449 1888 haud
469 1829 625 1908 superest
645 1822 840 1907 quiequam.
859 1822 957 1888 Tune
975 1822 1180 1889 inficiantur

204 1942 436 2029 Propositum;
457 1964 520 2006 nee
539 1941 632 2005 enim
652 1940 729 2025 quis
748 1939 878 2027 fingere
897 1947 1027 2027 posset,
1048 1948 1082 2006 et
1098 1939 1194 2007 istud

204 2057 350 2124 Semisse
370 2057 502 2123 adiecta
519 2056 669 2145 septenis
689 2055 824 2121 tardius
838 2057 905 2122 ivit

140 2177 180 2241 15
204 2176 361 2261 Punetis‚
377 2176 459 2242 dum
478 2175 613 2262 integre
630 2175 822 2260 quindenos
841 2174 982 2240 transiit
1000 2173 1097 2240 illud.

487 2429 599 2468 Doctrina
612 2428 641 2467 nd
656 2428 777 2467 multorum
792 2427 913 2467 dubiorum
927 2427 1071 2468 dilutionem.

203 2635 370 2700 Errorum
388 2633 445 2699 hic
461 2636 617 2700 cumulus
636 2634 800 2700 nimirum
820 2634 954 2722 depluit
972 2632 1053 2698 iude

205 2750 304 2826 Quod
323 2750 506 2816 minimum
525 2774 545 2815 a
562 2752 662 2838 signo
678 2774 747 2816 non
765 2751 961 2816 dixtinxere
979 2749 1125 2837 priores

203 2865 326 2930 Finem
346 2866 407 2951 qui
424 2867 533 2951 nulla,
552 2890 571 2931 a
591 2867 734 2932 minime
751 2867 813 2952 qui
830 2866 944 2954 prima
960 2872 1133 2931 tomorum
1152 2871 1221 2949 est,

137 2982 181 3045 20
203 2983 284 3049 Mox
304 2983 396 3068 quod
415 2990 449 3048 et
468 2983 668 3050 innumerus
687 2985 792 3051 nullis
812 2984 854 3050 de
871 2984 1030 3072 partibus
1049 2982 1171 3065 edunt;

203 3099 306 3184 Nam,
323 3100 419 3166 velut
437 3108 489 3166 est
505 3101 651 3184 (lictum,
669 3125 739 3167 non
763 3108 814 3167 est
833 3123 912 3188 pars
932 3099 1103 3165 terminus
1122 3098 1195 3165 ulla

204 3215 314 3291 Quam
334 3215 480 3282 scindas.
501 3219 610 3284 Porro
627 3218 797 3304 quidquid
816 3217 1022 3306 dispescitur
1040 3222 1092 3282 est
1110 3238 1192 3305 pars

204 3330 268 3394 Vel
287 3337 400 3396 toturn
420 3333 593 3418 quiddam.
610 3334 748 3400 Minimi
766 3335 901 3401 varium
918 3357 1028 3421 genus
1048 3332 1074 3397 ii
1093 3354 1165 3398 non

204 3445 417 3532 Cognorant,
438 3449 535 3515 cuius
554 3450 665 3516 lucem
684 3451 883 3537 neglexerat
903 3451 962 3517 ille
1265 3424 1270 3433 Ι

137 3563 181 3626 Ξῖ)
205 3564 354 3649 Magnus
371 3566 605 3652 Aristarchus,
626 3591 693 3655 quo
712 3569 758 3636 sit
778 3570 916 3637 collatio
936 3570 1058 3656 quanti

204 3679 259 3743 Ad
277 3687 445 3764 quantum
464 3681 607 3748 rninimc
625 3683 761 3749 minimi
781 3685 822 3750 de
840 3685 999 3773 partibus
1015 3690 1109 3767 acta;

205 3794 491 3880 Quumloquidem
509 3808 639 3885 puncto
656 3823 726 3866 non
745 3801 785 3866 fit
801 3801 986 3868 discrimen
1006 3800 1043 3866 in
1063 3823 1148 3883 une,

205 3910 371 3987 Quamvis
392 3920 425 3978 et
441 3923 609 4000 punctum
629 3916 690 3982 fiat
708 3917 892 3984 discrimen
912 3917 956 3983 ob
972 3938 1090 3982 unum.

204 4027 314 4112 quue
330 4029 382 4094 uti
399 4030 452 4112 fit,
471 4031 585 4117 logica
609 4040 746 4100 tantum
762 4035 902 4122 patefiet
921 4033 1059 4101 amussi.

139 4152 183 4215 30
206 4144 390 4211 Praeterea
410 4146 546 4214 minimi
565 4148 744 4217 distinctio
762 4174 826 4238 pro
845 4150 1037 4239 specierum

205 4260 257 4325 Ae
275 4283 441 4346 generum
460 4264 556 4330 varia
572 4272 698 4332 nutura
716 4265 982 4355 multiplicanda
997 4274 1065 4352 est,

205 4376 317 4443 Unius
333 4384 373 4443 ut
392 4379 574 4446 minimum
594 4405 721 4470 magno
737 4383 921 4472 respondet
936 4382 1035 4450 alius
