3428 5138
357 414 414 475 136
647 428 786 475 roseam
807 428 908 473 imvm
929 427 974 472 err
992 427 1129 488 murno,
1151 426 1172 472 1.

355 587 553 665 Quamlibet
576 609 661 672 eque
680 584 813 651 schedis
833 584 1007 650 Cumanae
1022 583 1128 649 verba
1148 581 1305 668 Sibyllae

353 701 575 788 Evandrique
594 701 687 787 rogis
706 700 912 784 referantur,
932 705 1056 766 cuneta
1075 697 1274 785 probantor.

352 816 409 881 Ad
426 818 539 883 nullas
558 815 676 903 fruges
696 816 871 882 excultum
890 814 1125 881 versificantes

353 931 537 998 Ostentent
556 932 740 1019 specimen,
762 932 843 1018 quia
861 932 954 997 Naso
973 930 1210 1016 Virgiliusquo

308 1052 328 1113 ὓ
352 1046 571 1114 Submittunt
589 1049 718 1135 passim
737 1056 922 1114 centonum
942 1046 1124 1133 fragmina.
1144 1043 1293 1110 Carnam

351 1163 450 1230 Vivis
474 1188 672 1252 superessem
690 1164 810 1232 formis
830 1166 1004 1230 luctamen
1023 1161 1139 1227 anheli

350 1281 510 1348 Herculis
534 1284 708 1349 Antaeum
727 1280 914 1367 gerrrinatis
932 1279 1065 1346 viribus
1082 1280 1173 1345 ultro

349 1397 534 1482 Urgentisr‚
554 1422 671 1465 casnm
690 1398 812 1464 mundi
832 1420 909 1463 eum
927 1396 1082 1484 plaustra
1101 1397 1256 1483 parentis

348 1512 526 1579 Tractaret
542 1514 735 1598 Phaethon,
754 1514 809 1579 vel
829 1519 868 1579 ut
887 1513 1010 1578 ardens
1029 1512 1124 1598 regia
1141 1511 1226 1577 caeli

285 1631 326 1694 10
349 1629 611 1717 Conspicienda,
632 1631 760 1697 fretum
779 1638 819 1697 ut
835 1630 985 1695 fumanti
1004 1630 1144 1696 turbine
1163 1630 1352 1716 Olympum

348 1747 481 1834 Tingit,
504 1747 707 1813 candentem
726 1756 765 1812 ut
784 1745 935 1811 humeris
955 1745 1013 1810 rix
1030 1745 1177 1811 sustinet
1199 1743 1309 1809 Atlas.
1514 1759 1555 1819 p.
1574 1744 1608 1808 '7

350 1864 408 1929 Sic
426 1864 532 1930 facies
548 1886 662 1929 rerum
678 1887 740 1950 per
759 1863 896 1949 singula
919 1861 1073 1942 reddere,
1093 1861 1208 1948 prisea
1451 1886 1491 1928 ree

348 1980 536 2045 Recentem
553 1980 734 2045 historiam
753 1987 792 2045 ut
811 1985 953 2044 exornat
972 1978 1099 2044 tabula.
1119 1977 1301 2055 Quendam

348 2096 396 2161 Ut
413 2096 525 2162 Minos
544 2096 658 2161 fuerat
677 2095 819 2160 cristata
839 2094 969 2160 casside
988 2093 1144 2179 pulcher,

283 2212 323 2273 15
348 2212 395 2277 Ut
414 2212 561 2298 sumpsit
581 2213 739 2298 clypeum
759 2211 928 2296 torsitque
951 2209 1076 2275 hastile
1095 2215 1252 2290 venuste,

348 2330 405 2394 Sic
423 2329 528 2394 habet
547 2330 715 2395 Arcturus
732 2329 886 2393 iunctam
905 2352 984 2393 eum
1003 2327 1136 2393 viribus
1155 2336 1282 2409 artem,

348 2444 564 2510 Gottl'ridnm
583 2444 687 2510 vestit
706 2445 856 2528 Turrino,
876 2444 1073 2531 gaudetque
1090 2443 1238 2530 Pipinus

346 2560 481 2625 ileneae
501 2560 665 2644 numeris,
686 2560 873 2646 spoliisque
891 2558 1069 2625 Rolandus
1088 2558 1243 2624 Achillis.

346 2675 428 2740 Exit
447 2676 488 2740 do
511 2699 626 2763 panno
646 2676 790 2761 antiquo
810 2699 900 2742 nova
919 2676 1038 2759 vestis,
1060 2682 1094 2740 et
1112 2675 1169 2740 hie
1188 2682 1269 2740 sunt

279 2793 324 2856 ‘20
347 2792 546 2878 syndonem
566 2793 603 2858 in
622 2792 764 2858 alterius
783 2793 961 2858 femoralia
981 2791 1136 2857 Caesaris
1156 2797 1243 2856 aeta.

425 2973 451 3030 1.
469 2970 558 3032 Mens
580 2992 673 3050 super
694 2971 795 3032 omnia
815 2972 900 3032 Deus
922 2980 978 3033 est.
998 2972 1086 3033 Mens
1101 2971 1194 3032 insita
1209 2972 1350 3033 omnibus
1370 2980 1488 3034 natura.

345 3088 433 3147 Mens
447 3087 547 3146 onmia
561 3087 735 3166 pervadens
756 3088 845 3149 ratio.
863 3088 949 3148 Deus
966 3088 1063 3147 dictat
1084 3094 1115 3147 et
1138 3087 1269 3149 ordinat.
1288 3088 1406 3148 Natura
1420 3108 1489 3149 exe-

344 3202 554 3279 (putaretque
572 3201 654 3264 facit.
673 3203 765 3263 Ratio
783 3203 1006 3280 contemplatur
1023 3210 1055 3262 ct
1073 3200 1226 3262 discurrit.
1250 3203 1336 3263 Deus
1359 3210 1408 3263 est
1430 3226 1490 3264 me-

345 3338 399 3377 nas
421 3319 552 3377 omnium
574 3338 765 3378 numerorum
788 3317 871 3396 fons,
890 3318 1072 3396 simplicitas
1094 3319 1193 3378 omnis
1213 3319 1434 3397 magnitudinis
1455 3330 1487 3381 et

277 3442 320 3502 ‘25
344 3433 574 3510 compositionis
595 3435 781 3512 substantia,
804 3441 836 3497 et
866 3434 1047 3495 excellentia
1065 3454 1158 3514 super
1176 3454 1265 3495 omne
1287 3446 1486 3514 momentum,

344 3550 576 3623 innumerabile,
598 3550 786 3610 immensum.
808 3550 926 3609 Natura
947 3566 996 3611 cst
1016 3572 1160 3611 numerus
1189 3551 1401 3628 numerabilis,
1426 3574 1487 3612 rna·

343 3664 471 3741 guitudo
495 3666 722 3743 mensurabilis,
744 3674 927 3725 momentum
952 3666 1135 3742 attingibile.
1159 3668 1252 3728 Ratio
1272 3684 1321 3729 est
1342 3688 1486 3729 numerus

342 3800 517 3855 numerans,
536 3780 713 3857 magnitudo
731 3799 923 3859 mensurans,
942 3792 1127 3843 momentum
1145 3785 1322 3845 aestimans.

423 3901 437 3921 ‘
454 3902 481 3955 8.
500 3895 604 3954 Influit
619 3896 703 3956 Deus
717 3916 773 3973 per
787 3906 925 3955 naturam
940 3898 1143 3959 iurationem.
1158 3900 1251 3959 Ratio
1266 3899 1419 3959 attollitur
1430 3921 1486 3979 per

276 4022 319 4082 :30
342 4018 480 4070 naturam
499 4012 529 4070 iu
546 4012 653 4071 Deum.
673 4013 757 4071 Deus
776 4023 823 4072 est
839 4031 939 4087 amor,
959 4012 1111 4087 efficiens,
1130 4013 1269 4091 claritas,
1286 4013 1347 4073 lux.
1367 4015 1486 4074 Natura

343 4137 391 4186 est
407 4128 551 4204 arnabile,
572 4127 736 4203 obiectum,
752 4128 833 4205 ignis
848 4138 880 4187 et
893 4128 992 4188 ardon
1009 4129 1101 4188 Ratio
1115 4140 1163 4189 est
1178 4148 1297 4203 amaus,
1314 4129 1484 4190 subiectum

343 4242 510 4320 quodiam,
529 4243 609 4319 quod
626 4264 642 4301 a
660 4252 767 4304 natura
784 4244 960 4303 accenditur
977 4253 1008 4305 et
1024 4266 1043 4303 a
1059 4244 1125 4305 Deo
1144 4244 1343 4305 illuminatur.

432 4438 457 4479 ὃ.
469 4432 497 4477 ll
516 4431 632 4493 Casum,
650 4431 747 4495 Velut,
766 4431 881 4481 Fretum
896 4448 908 4482 e
922 4432 1097 4483 Carmentem
1112 4448 1159 4480 con
1168 4436 1255 4497 paruo
1264 4432 1352 4491 serem
1366 4430 1478 4481 ιἰιηαηεὶ
