3428 5138
622 435 666 478 DE
687 433 799 479 runnu
821 431 1025 478 EXISTENTIA.

702 756 854 824 GAPVT
887 757 952 821 IX.

415 908 543 948 Discrlmcn
555 907 643 948 mtnlml
656 906 786 947 adsensum
798 914 812 944 a
823 904 916 944 mlnlrno
928 901 1061 953 stmpllcltcr
1073 911 1113 942 scu
1124 903 1232 942 naturae.

340 1063 540 1130 Subsisteus
552 1062 737 1129 minimum
748 1084 790 1127 ex
801 1082 869 1147 quo
882 1065 965 1125 sunt
977 1061 1167 1145 composta,
1180 1053 1274 1140 quod
1284 1074 1395 1119 unum

249 1181 294 1245 In
312 1180 381 1246 fine
397 1179 580 1266 attingunt
599 1185 730 1265 quanta
747 1177 830 1243 haec
851 1195 1088 1262 quaecumque
1108 1177 1283 1254 creantur,

204 1299 225 1363 5
249 1295 302 1362 Ne
321 1296 439 1363 credas
458 1295 593 1363 modico
612 1293 787 1381 seiungier
804 1291 989 1359 intervallo

248 1414 280 1479 A
300 1413 447 1481 minimo
465 1413 593 1481 nostris
612 1412 748 1480 obiecto
767 1411 938 1495 sensibus,
956 1408 1064 1474 altam

248 1530 409 1618 Accipite
428 1530 521 1596 docti
540 1529 710 1595 rationem
729 1534 844 1594 mente
863 1525 1018 1610 Lucreti,

248 1644 385 1712 Indicat
405 1651 444 1711 ut
464 1645 561 1711 tenui
580 1651 705 1712 natura
725 1650 860 1711 constet
878 1643 1003 1728 imago.

247 1760 369 1847 Inquit
385 1761 477 1828 enim
496 1784 612 1828 rernm
629 1760 818 1849 primordia
837 1781 980 1847 corpora
999 1757 1111 1845 prima

182 1878 225 1943 10
246 1878 359 1945 'Panto
379 1877 472 1944 infra
490 1885 626 1946 nostros
645 1901 763 1945 sensus
782 1884 950 1963 tantoque
969 1873 1117 1958 minora,
1415 1882 1456 1945 P·
1470 1867 1541 1931 38

249 1996 298 2064 Ut
316 1995 402 2061 mire
420 1995 464 2061 ad
480 1997 596 2062 oculos
616 1995 779 2061 minimae
796 1995 900 2081 longo
915 1992 1035 2060 ordine
1052 1998 1169 2080 partes

248 2111 480 2197 Linquantnr.
501 2110 680 2197 Siquidem
696 2117 731 2176 et
747 2110 954 2176 animalcula
972 2115 1072 2174 tanta
1090 2108 1260 2191 videmus,
1367 2134 1392 2175 n

248 2226 365 2291 'l'ertia
384 2248 464 2313 pars
481 2248 628 2312 quorum
647 2225 744 2291 nulla
762 2226 894 2291 virtute
912 2224 1027 2291 notari

247 2344 370 2410 Possit.
392 2344 568 2422 Quantum
587 2366 668 2430 ergo
688 2344 865 2410 cerebrum
883 2351 1109 2430 ventremque
1126 2342 1343 2431 putandum?

182 2468 223 2532 15
248 2460 377 2539 Quanti
397 2460 509 2526 oculi?
527 2460 704 2538 Quantum
722 2483 793 2546 cor,
813 2482 955 2545 nerum,
974 2459 1120 2544 viscera,
1143 2465 1331 2545 quaesunt

246 2579 410 2646 Partibus
429 2578 510 2643 inde
530 2578 607 2644 aliis
627 2585 755 2644 certam
775 2599 912 2664 quoque
930 2584 1033 2644 nacta
1049 2577 1210 2664 figuram,

245 2696 292 2762 Et
307 2695 440 2784 pariter
459 2695 566 2762 variis
587 2694 782 2762 consistunt
802 2695 955 2782 undique
975 2694 1158 2762 membris?
1366 2721 1392 2761 rs

246 2815 342 2882 Haec
361 2838 443 2882 sanc
463 2839 482 2881 a
498 2814 650 2904 propriis
670 2820 800 2900 quanto
817 2814 947 2880 distent
966 2813 1158 2899 elementis,

246 2931 363 3019 Atque
382 2955 482 2999 sunm
503 2931 686 2997 minimum
705 2938 876 3016 quantum
893 2954 948 2997 ars
968 2930 1152 3018 frugaliter
1172 2935 1286 3018 urget,

179 3050 224 3114 20
245 3048 351 3116 Nullo
370 3054 576 3135 argumento
595 3069 794 3115 concessum
813 3056 865 3114 est
883 3071 983 3136 posse
1001 3047 1127 3115 uidere.

325 3239 483 3301 Minimum
501 3247 629 3301 naturae
643 3258 697 3301 seu
714 3239 806 3318 reate,
826 3247 861 3300 ut
880 3241 956 3302 mire
973 3239 1053 3301 infra
1071 3240 1219 3301 sensibile
1234 3239 1390 3300 minimum

246 3363 436 3417 contractum
453 3356 507 3434 sit,
531 3378 592 3417 non
619 3365 668 3418 est
694 3357 786 3419 ullius
813 3357 889 3418 artis
915 3356 1051 3418 definire.
1080 3358 1131 3418 Ad
1152 3359 1237 3419 hacc.
1271 3356 1390 3419 Scimus

245 3473 400 3534 minimum
416 3473 563 3535 sensibile
579 3497 597 3535 a
612 3475 680 3537 visu
693 3473 921 3555 perfectissimo
939 3475 1056 3555 percipi
1076 3496 1184 3554 posse,
1202 3475 1316 3553 alioqui
1330 3496 1390 3536 non

245 3599 329 3652 esset
344 3591 498 3652 sensibile.
516 3592 741 3669 Distinguimns
756 3593 902 3654 sensibile
915 3593 945 3652 in
959 3612 1074 3670 genere
1091 3614 1108 3652 a
1124 3592 1261 3655 sensibili
1278 3592 1309 3654 in
1324 3613 1391 3671 spe-

179 3703 223 3770 24')
246 3705 300 3769 cie.
321 3708 412 3781 Quod
438 3710 477 3769 nd
496 3711 639 3790 primum,
659 3711 734 3770 nihil
757 3719 806 3772 est
821 3711 854 3770 in
873 3709 977 3789 specie
998 3710 1079 3787 quod
1096 3730 1157 3771 non
1174 3709 1341 3772 affirmetur
1358 3709 1389 3772 in

246 3844 376 3902 genere;
393 3825 502 3887 iccirco
521 3828 701 3905 simpliciter
716 3829 862 3889 sensibile
880 3849 918 3889 ex
937 3847 1050 3904 genere
1068 3827 1235 3889 sensitivae
1250 3829 1390 3889 substan-

247 3943 311 4005 tiae
327 3943 479 4005 definitur.
500 3942 587 4015 Quod
602 3945 641 4004 ad
656 3945 835 4024 secundum,
853 3967 908 4026 pro
930 3946 1102 4026 specierum
1120 3946 1301 4008 diversitate
1318 3947 1388 4008 visi·

247 4059 379 4122 bilitatis
400 4072 492 4140 atque
515 4062 684 4124 visivitatis
700 4064 816 4138 gradus
833 4074 905 4124 sunt
931 4063 1061 4140 diversi;
1083 4063 1211 4143 proinde
1232 4063 1388 4126 minimum

249 4176 394 4238 sensibile
411 4199 430 4238 a
445 4179 569 4239 minimo
590 4187 718 4240 naturae
739 4181 865 4240 multum
892 4181 1004 4241 abstat
1028 4179 1110 4241 Illud
1134 4181 1215 4242 enim
1232 4181 1313 4242 sicut
1332 4201 1389 4261 per

180 4287 225 4351 30
247 4291 435 4355 additionem
451 4294 570 4374 dicitur,
583 4296 627 4357 ita
643 4301 675 4357 et
692 4315 748 4374 per
765 4295 952 4357 additionem
965 4298 1112 4358 consistat
1128 4306 1259 4378 oportet,
1275 4297 1390 4376 alioqui

343 4432 369 4481 tl
386 4429 422 4482 sin
487 4432 517 4482 15
534 4430 655 4481 abbiamo
669 4431 732 4482 {olto
752 4430 971 4499 l'r‘nlerropntiro
986 4431 1056 4498 dopo
1067 4448 1116 4485 cor

380 4525 456 4567 lines!
472 4526 525 4575 Opp.
540 4526 580 4564 lat.
593 4524 616 4573 1,
626 4525 647 4564 3.
1203 4528 1229 4567 2²
