3428 5138
479 437 634 489 anrrcvar
655 437 826 489 anvausvs
846 435 1112 489 urruauarreoe.
1328 430 1365 488 51

226 619 376 687 exterius
408 620 514 707 linea,
552 643 676 708 nempe
705 620 772 705 Pd,
802 641 887 706 quae
915 626 967 686 est
994 619 1057 685 sub
1089 617 1368 706 perpendiculari

225 766 333 833 prope
351 746 519 833 angrrlum
537 745 699 814 obtusum
710 747 740 811 d.
753 742 805 811 76.
820 745 870 812 Ut
889 744 1095 830 quadratum
1106 765 1215 809 unum
1234 749 1365 830 quanto

225 869 358 937 duobus
377 869 520 956 reliquis
548 869 594 936 sit
617 869 732 936 minus
751 890 829 936 cum
847 869 991 935 Euclide
1014 868 1160 935 videbo?
1184 869 1227 934 In
1250 869 1369 955 oxigo-
1395 952 1398 957 Ι

226 995 294 1062 niis
321 995 524 1083 trianguliS,
557 1002 596 1061 ut
635 1003 670 1071 ᾗ
702 995 741 1060 in
777 992 871 1077 NOI;
902 993 953 1060 ibi
986 993 1079 1059 enirn
1110 993 1316 1081 quadratum
1345 1016 1365 1058 a

181 1126 202 1190 ὅ
225 1121 332 1187 latere
352 1119 414 1186 No
433 1120 602 1207 angulum
624 1127 762 1187 acutum
787 1120 806 1185 Ι
828 1118 1057 1185 subtendente
1080 1117 1194 1185 minus
1215 1125 1266 1184 est
1287 1142 1368 1205 qua-

224 1246 334 1313 dratis
354 1270 440 1334 quae
463 1247 553 1314 fiunt
576 1270 596 1314 a
618 1246 784 1313 lateribus
807 1247 975 1333 angulum
1002 1245 1116 1333 ipsum
1148 1244 1368 1332 comprehen-

224 1375 401 1461 dentibuS,
425 1399 548 1464 nempe
572 1375 624 1441 NI
647 1382 682 1442 et
709 1376 756 1442 01
777 1396 840 1464 pro
866 1375 1061 1462 quantitate
1084 1376 1278 1463 rectanguli
1303 1375 1365 1441 NL

224 1499 271 1566 LI
295 1500 349 1567 bis
373 1501 624 1589 comprehensi,
649 1508 683 1567 et
710 1502 755 1567 ab
782 1524 851 1567 uno
881 1501 1029 1567 laterum
1057 1524 1145 1588 quae
1174 1510 1256 1568 sunt
1275 1501 1365 1568 cirea

224 1633 363 1693 acutum
381 1627 563 1714 angulum,
583 1634 667 1716 puta
686 1627 752 1712 NI,
776 1627 814 1692 in
839 1626 930 1713 quod
954 1626 1047 1693 cadit
1070 1624 1365 1714 perpendicularis

159 1748 202 1812 10
224 1748 295 1835 GL,
328 1757 364 1817 et
397 1752 442 1817 ab
478 1757 654 1840 assumpta
689 1752 835 1818 interius
869 1750 961 1817 linea
995 1750 1057 1837 IL,
1092 1770 1180 1838 quae
1214 1760 1266 1818 est
1300 1752 1363 1819 sub

221 1876 518 1966 perlpendiculari
535 1899 644 1966 prope
667 1884 807 1945 acutum
830 1877 996 1963 angulum
1020 1878 1046 1943 Ι.
1071 1879 1124 1943 91.
1148 1879 1198 1945 Ut
1221 1877 1365 1965 quadra·
1389 1902 1414 1950 e
1432 1890 1474 1951 11*

220 2009 296 2069 tum
312 2002 393 2069 dato
408 2002 587 2070 rectilineo
604 2003 745 2090 aequale
758 2003 987 2069 constituam?
1000 2004 1049 2070 Ut
1064 2003 1101 2068 in
1116 2016 1150 2084 4
1167 2004 1234 2091 ipsi
1249 2003 1301 2091 Pf
1311 2004 1362 2070 Oi.

221 2128 410 2215 Assumpta
430 2127 498 2216 ipsi
509 2130 540 2214 fi
559 2128 712 2215 aequalis
733 2129 807 2216 ipsa
818 2128 893 2217 jG,
914 2135 949 2194 et
968 2128 1098 2194 biseota
1115 2130 1163 2217 Pp
1179 2130 1217 2195 in
1232 2138 1363 2217 puncto

220 2278 248 2337 e,
268 2259 303 2319 et
322 2253 413 2319 cirea
432 2259 588 2320 centrum
610 2279 631 2342 p
654 2252 783 2320 fluente
804 2253 836 2319 G
861 2254 1074 2320 semicirculo
1099 2253 1203 2340 GCP,
1225 2261 1260 2320 et
1279 2261 1362 2335 tunc

156 2382 197 2445 15
219 2378 312 2445 linea
331 2378 375 2445 ab
392 2379 422 2465 f
440 2379 478 2444 in
499 2404 531 2445 m
548 2379 880 2468 perpendiculariter
899 2379 1001 2445 ducta
1020 2379 1111 2446 latus
1130 2387 1182 2446 est
1201 2380 1361 2465 quadrati

220 2503 312 2589 quod
331 2503 517 2588 quaeritur.
537 2506 590 2570 92.
614 2505 664 2572 Ut
687 2503 893 2590 quadratum
912 2504 1122 2571 inscribam?
1140 2504 1198 2571 Sic
1213 2505 1361 2571 secundo

219 2626 320 2693 modo
339 2650 443 2714 supra
462 2626 700 2695 fabricabatur
719 2636 753 2694 et
777 2629 889 2695 tertio.
919 2631 971 2695 93.
996 2630 1045 2697 Ut
1069 2629 1276 2714 quadratum
1300 2629 1362 2694 cir-

220 2752 471 2819 cumscribam?
488 2752 526 2818 Si
541 2753 650 2820 lineas
667 2777 687 2819 a
701 2762 819 2820 centro
836 2754 956 2820 circuli
966 2755 1010 2820 ad
1019 2763 1189 2841 punctum
1205 2754 1362 2821 bisectio

219 2881 274 2948 nis
296 2882 444 2949 laterum
464 2881 710 2970 inscriptorum
730 2890 922 2971 assumptas
946 2883 1152 2949 tantundem
1176 2881 1360 2970 producas,

153 3007 197 3072 20
220 3017 255 3075 et
272 3009 457 3077 earundem
477 3011 620 3077 termini
643 3017 902 3078 connectantur.
928 3013 980 3077 94.
997 3012 1046 3078 Ut
1065 3010 1273 3098 quadratum
1297 3013 1362 3078 cir-

217 3137 464 3226 cumscriptum
491 3138 635 3226 duplum
665 3161 737 3204 esse
761 3138 928 3226 inscripto
952 3138 1218 3225 recognoscam?
1250 3137 1288 3202 Si
1317 3137 1361 3202 ad

216 3270 388 3331 rectorum
408 3264 661 3351 triangulorum
685 3286 866 3330 numerum
890 3270 925 3329 et
949 3262 1225 3351 magnitudinem
1249 3285 1360 3350 respe-

218 3391 317 3458 xeris.
342 3392 394 3458 95.
416 3393 465 3460 Ut
490 3391 696 3478 quadratum
715 3392 829 3479 posito
854 3413 931 3457 cum
950 3389 1092 3456 Euclide
1115 3389 1222 3477 triplo
1246 3387 1358 3453 maius

217 3517 391 3586 adferam?
423 3518 460 3583 si
491 3525 584 3585 recta
607 3517 700 3585 linea
725 3530 759 3598 4
775 3517 822 3596 Qc
848 3540 910 3605 per
935 3523 1123 3583 extremam
1150 3523 1184 3582 et
1208 3515 1357 3581 mediam

152 3640 195 3706 25
218 3643 387 3711 rationem
407 3652 499 3711 secta
518 3644 565 3711 sit
589 3644 625 3709 in
653 3646 685 3729 b,
711 3643 802 3731 quod
825 3667 845 3709 a
869 3651 943 3710 tota
966 3651 1001 3709 et
1025 3643 1157 3709 minore
1180 3648 1357 3729 segmento

216 3770 318 3836 simul
336 3777 483 3856 utraque
502 3769 671 3856 quadrata
694 3770 799 3857 tripla
823 3776 905 3836 sunt
929 3768 1001 3835 eius
1026 3767 1199 3854 quadrati,
1223 3765 1314 3852 quod
1338 3788 1358 3830 a

216 3897 344 3963 maiore
367 3902 544 3985 segmento
568 3896 783 3963 describitur.
808 3898 860 3961 96.
885 3897 934 3962 Ut
964 3894 1169 3980 quadratum
1200 3916 1277 3959 eum
1306 3914 1358 3958 eo-

216 4023 293 4092 dem
323 4024 467 4092 Euclide
499 4025 612 4113 posito
643 4024 766 4091 datovo
797 4024 913 4111 aliquo
946 4024 1130 4112 quintuplo
1160 4023 1270 4089 maius
1303 4022 1359 4088 ad·

216 4149 359 4219 ducam?
379 4151 468 4217 Item
484 4163 519 4232 4
533 4151 563 4217 si
583 4157 676 4217 reeta
691 4150 783 4215 linea
802 4149 850 4228 Qc
866 4172 929 4237 per
947 4156 1136 4215 extremam
1155 4155 1189 4215 et
1208 4148 1356 4214 mediam

225 4300 449 4310 μ--.-.-.-..
599 4300 737 4307 -η-
766 4300 879 4306 -—--..-
900 4300 931 4306 .-
976 4300 993 4305 ..
1156 4300 1242 4305 .--..
1266 4299 1354 4305 .-—.

277 4366 378 4432 Bsom
386 4365 554 4432 oryganum
564 4382 608 4415 mo
616 4366 650 4430 cs.
658 4363 851 4430 ambligoniis‚
860 4364 1005 4431 pelignos,
1014 4371 1058 4415 cer.
1108 4366 1138 4415 ll
1151 4381 1282 4416 arancauo
1291 4363 1301 4414 i
1309 4382 1356 4415 uu·

216 4445 542 4516 rreriproprcuira‘77·90
590 4447 760 4513 lssqueritur
803 4444 1029 4514 SielsoreeSicut
1072 4447 1349 4515 Qsssorer<qrrao>por
