3428 5138
462 441 507 484 nn
527 440 703 486 rnrncmns
722 439 900 485 nnnsvrmn
920 441 961 484 m
982 440 1139 486 movnnn.
1312 427 1370 486 289

718 679 883 725 PERIGLES.

230 866 268 932 Si
286 866 418 954 paritor
436 867 504 932 duo
523 875 606 932 sunt
624 867 756 953 reliquo
775 867 838 953 sio,
859 868 958 952 talia,
979 875 1094 950 tanta,

229 984 327 1050 Inter
347 1008 382 1050 se
400 984 532 1072 pariter
550 984 613 1069 sio,
633 984 730 1071 talia,
750 992 863 1051 tanta:
883 985 1041 1052 Pericles.

724 1243 875 1288 Emenso.

185 1439 206 1502 5
229 1435 324 1512 Quae
343 1434 412 1499 suit
430 1434 603 1500 abiunctis
622 1432 725 1498 simul
743 1439 862 1518 estque
880 1433 1059 1520 proportio
1078 1434 1205 1521 postis,
1251 1502 1253 1506 ,

230 1551 267 1616 Si
287 1574 358 1617 non
376 1558 510 1618 mutata
528 1557 581 1618 ost
599 1551 749 1638 species„
764 1556 912 1616 testatur
931 1550 1091 1616 Emiolas.

736 1809 849 1853 ARCAS.

230 1999 268 2063 Si
287 1999 324 2063 in
344 1998 455 2085 specie
475 2004 526 2063 est
545 1997 696 2080 varium,
716 2002 830 2062 totum
849 1996 891 2060 de
906 1996 1064 2084 partibus
1082 1996 1204 2064 iisdem

229 2114 341 2182 Unius
360 2114 398 2179 in
415 2113 552 2200 generis
571 2113 696 2197 forma,
715 2119 796 2178 sunt
816 2135 937 2198 aequa,
957 2113 1008 2178 ait
1026 2113 1151 2180 Arcas.

167 2375 210 2438 10
743 2382 861 2427 nonvs.

231 2581 410 2647 Consimili
429 2581 467 2646 in
487 2581 599 2668 specie
616 2589 656 2646 ut
674 2588 787 2647 totum
806 2586 986 2665 totumquo
1005 2579 1055 2644 ait
1073 2580 1206 2666 florus,
1347 2611 1374 2648 so

232 2697 290 2763 Sio
308 2704 343 2763 ot
362 2696 555 2764 consimiles
574 2697 703 2786 parteis
722 2704 757 2763 ot
775 2695 945 2784 quidquid
963 2719 1091 2763 eorum.

751 2955 858 3003 Isson.

230 3155 267 3220 Si
287 3162 454 3241 (plantum
474 3180 494 3221 a
514 3163 607 3221 certo
627 3157 694 3221 fine
713 3157 841 3222 absunt
859 3158 960 3223 ambo
979 3166 1153 3246 repertum
1173 3167 1239 3245 ost,

165 3268 206 3332 15
231 3273 322 3339 Nota
341 3274 432 3339 inter
452 3281 540 3339 sest
559 3273 751 3340 conversim
770 3275 947 3362 reputavit
966 3277 1078 3343 Iason.

703 3536 905 3582 ZOROASTER.

231 3737 272 3800 In
291 3735 412 3801 seriem
432 3742 561 3800 certam
582 3756 803 3820 quaecunque
822 3733 1000 3821 proportio
1021 3741 1112 3800 certa

231 3853 381 3939 Dignst,
401 3876 442 3917 ex
462 3852 554 3918 binis
573 3859 764 3918 noscuntur
781 3875 844 3940 per
863 3852 1088 3917 Zoroastrem.

746 4124 858 4171 Anlox.

163 4325 208 4389 20
230 4325 323 4392 Ordo
343 4325 403 4391 ubi
423 4323 607 4390 continuus
627 4328 761 4388 constat
778 4322 882 4388 simili
901 4321 939 4387 in
958 4322 1106 4405 ratione,

232 4445 320 4511 Sunt
340 4465 486 4530 quorum
505 4464 569 4529 par
587 4448 639 4507 ost
658 4439 838 4525 distantia,
859 4438 997 4527 scripsit
1016 4438 1136 4504 Arion.

366 4564 441 4602 Brimo
458 4564 512 4612 0111).
528 4564 568 4601 lut.
585 4562 606 4611 1,
624 4562 645 4600 3.
1187 4559 1211 4596 :tl
