3428 5138
258 384 295 442 14
695 399 834 446 reanum
855 401 956 448 novur

255 573 408 658 aequalis
427 581 479 640 555
497 572 623 662 duplae
641 575 807 642 medietas
831 583 908 661 etc.;
928 599 1074 663 quorum
1093 578 1186 644 enim
1205 577 1324 644 eadem
1347 584 1400 643 est

255 697 417 783 altitude,
438 721 473 764 se
491 698 623 765 habent
645 707 685 766 ut
708 700 815 767 bases.
835 701 978 789 Repetit
995 703 1102 791 primi
1120 703 1174 769 35.
1197 704 1251 769 36.
1270 704 1324 769 37.
1344 703 1399 768 38.

255 826 307 891 39.
323 826 377 891 40.
395 825 486 891 sexti
500 827 554 891 24.
570 827 623 891 25.
640 828 691 893 27.
709 828 762 892 28.
787 829 839 893 29.
862 828 1038 895 undecimi
1060 831 1113 895 25.
1133 831 1187 896 27.
1206 830 1259 896 28.
1273 830 1327 895 29.
1344 830 1399 901 30.

255 953 307 1017 31.
319 952 371 1017 32.
383 952 436 1018 34.
449 952 502 1017 37.
515 955 567 1018 39.
580 953 633 1019 40.
648 953 842 1021 duodecimi
852 956 883 1021 4.
896 957 924 1022 9.
946 957 996 1023 11.
1011 957 1062 1023 13.
1076 957 1127 1024 14.
1142 958 1193 1023 15.

549 1250 850 1329 ΑΧΙΟΜΑΤΑ
878 1251 1110 1328 CIROVLI.

343 1521 370 1586 I.
395 1520 592 1586 Probantur
615 1541 657 1584 ex
675 1517 774 1584 Eucl.
792 1517 890 1584 tertii
909 1518 939 1583 9.
959 1517 1039 1584 Non
1057 1523 1111 1583 555
1129 1524 1279 1605 punctus
1304 1523 1402 1584 extra

257 1653 413 1713 centrum
443 1668 464 1711 a
490 1644 619 1731 quoad
642 1644 874 1733 peripheriam
900 1645 1016 1731 plures
1042 1666 1146 1732 quam
1172 1643 1260 1711 duae
1287 1652 1402 1711 rectae

256 1771 426 1838 ducantur
444 1771 612 1856 aequales.

344 1899 389 1965 H.
414 1898 585 1965 Probatur
604 1896 691 1963 sexti
707 1897 760 1961 33.
776 1918 873 1984 prop.
888 1902 924 1962 et
942 1896 1136 1963 duodecimi
1154 1898 1185 1962 2.
1204 1898 1254 1963 16.
1276 1898 1281 1987 Ι
1301 1897 1398 1965 tertii
1421 1921 1452 1971 a
1464 1908 1518 1971 9v

191 2027 233 2091 10
256 2026 379 2092 decimi
401 2026 432 2091 8.
452 2027 483 2092 9.
508 2026 559 2091 10.
585 2027 636 2090 11.
657 2025 709 2089 12.
731 2024 781 2089 18.
801 2030 836 2089 55
854 2023 942 2089 liber
961 2030 1105 2108 quartus
1124 2023 1286 2090 decimus.

344 2151 408 2216 ΠΙ.
432 2150 599 2216 Minimus
626 2149 774 2216 circulus
796 2171 879 2233 uno,
900 2149 1013 2215 minor
1031 2148 1267 2235 paucioribus,
1291 2148 1403 2215 maior

255 2276 427 2365 pluribus,
446 2276 618 2342 maximus
637 2274 798 2341 omnibus
816 2273 957 2362 punctis
976 2273 1092 2365 tangit
1110 2272 1240 2340 lineam
1255 2273 1312 2340 vel
1329 2273 1403 2361 pla-

255 2424 340 2468 num
359 2401 562 2469 subiectum.

514 2692 811 2771 AXIOMATA
829 2694 1148 2772 ‘SPHAERAR

193 2962 234 3027 15
346 2951 373 3015 I.
397 2951 440 3016 In
459 2949 604 3037 sphaera
627 2947 718 3015 idem
746 2957 798 3015 est
821 2950 964 3035 longum
982 2950 1093 3016 latum
1116 2955 1151 3015 55
1173 2949 1399 3038 profundum,

258 3075 367 3141 altum
391 3083 426 3140 et
449 3075 571 3159 imum,
596 3073 755 3139 dextrum
775 3081 810 3139 et
833 3073 1027 3158 sinistrum,
1046 3082 1082 3140 et
1099 3074 1252 3162 reliquae
1271 3074 1401 3141 dimen-

258 3199 406 3267 sionales
425 3198 650 3265 differentiae.

347 3325 393 3390 H.
416 3324 459 3389 In
482 3323 646 3411 sphaerae
669 3323 773 3411 plano
793 3324 941 3409 quilibet
962 3332 1113 3413 punctus
1136 3332 1188 3392 555
1210 3323 1400 3392 horizontis

258 3459 428 3535 centrum,
448 3456 487 3516 ut
506 3451 544 3517 in
562 3449 700 3516 infinita
718 3449 847 3536 ubique
865 3457 917 3518 est
933 3450 1094 3519 medium.

192 3584 237 3648 20
347 3577 411 3642 ΙΠ.
437 3576 624 3664 Sphaeram
641 3576 813 3665 duplicem
829 3575 868 3642 in
883 3599 998 3645 rerum
1016 3584 1142 3644 natura
1159 3600 1232 3643 5555
1251 3578 1400 3663 finitam,

259 3701 422 3769 videlicet
446 3708 481 3768 et
508 3701 682 3769 infinitam
710 3708 762 3768 est
790 3702 1034 3785 necessarium
1057 3702 1147 3768 hanc
1174 3702 1258 3768 item
1286 3704 1402 3771 verius

261 3851 333 3895 5555
349 3829 531 3916 sphaeram
550 3852 654 3915 quam
674 3828 780 3894 illam.

349 3959 409 4024 IV.
432 3957 576 4023 Infinita
600 3956 715 4023 verius
739 3955 844 4022 habat
872 3963 1043 4040 centrum,
1068 3954 1174 4022 immo
1198 3963 1250 4021 est
1273 3958 1403 4044 ubique

261 4088 431 4166 centrum;
455 4082 555 4148 finita
578 4104 659 4148 vero
683 4081 798 4148 verius
820 4079 927 4147 habet
949 4079 1276 4165 circumferentiam,
1299 4082 1404 4148 immo

1325 4253 1405 4265 ——n

354 4359 370 4409 0
383 4357 504 4408 abbiamo
517 4359 643 4425 appiunto
657 4360 677 4410 1ae
688 4376 796 4411 5555555
806 4356 980 4427 propraetor)
