3428 5138
349 387 407 446 194
647 397 785 444 manum
807 396 908 442 navru
928 396 974 441 on
993 395 1128 458 ururuo,
1152 396 1185 442 11.

349 554 654 615 contradictoriorum
670 571 786 629 verum,
802 551 954 630 capiatur:
969 570 1006 611 ex
1017 551 1223 630 potentiarum
1236 572 1312 613 vero
1326 551 1433 632 latere,
1446 553 1500 614 vel

348 670 542 750 simpliciter,
561 670 611 730 vel
630 668 669 729 ad
688 678 827 748 tempus,
846 667 896 728 rel
914 667 953 727 ad
970 687 1081 745 genus,
1098 668 1149 728 vel
1166 666 1206 727 ad
1224 667 1373 746 speciem,
1392 668 1443 731 vel
1457 667 1499 729 ad

349 785 507 848 individua
524 785 651 847 definita
669 804 738 845 esse
756 785 869 844 bonum
890 789 922 843 et
942 783 1068 861 malum,
1087 783 1177 844 dulce
1200 791 1232 844 et
1255 803 1404 863 amarum,
1422 784 1500 845 utile

351 912 383 965 et
406 903 528 987 inutile,
556 909 588 963 et
613 921 709 981 penes
733 901 841 960 horum
870 898 1104 960 affirmationem
1123 909 1155 961 et
1175 900 1372 978 negationem
1392 920 1500 962 verum

307 1013 327 1076 5
350 1028 442 1096 atque
460 1018 581 1079 falsum.
600 1017 718 1090 Quibus
730 1017 788 1076 rite
800 1015 972 1094 perspectis
989 1016 1168 1077 facillimum
1186 1017 1246 1077 erit
1262 1017 1417 1094 colligere,
1439 1037 1502 1077 non

350 1138 445 1198 ullum
460 1155 528 1199 esse
546 1135 597 1212 qui
611 1134 702 1196 fallat
715 1134 884 1195 fallaturve
903 1153 1043 1211 sensum;
1062 1134 1307 1212 quandoquidem
1325 1155 1447 1215 semper
1461 1133 1501 1195 de

351 1254 476 1333 proprio
492 1252 614 1314 obiecto
642 1270 697 1330 pro
717 1270 771 1311 suo
798 1249 930 1327 modulo,
954 1252 1004 1328 qui
1030 1252 1168 1331 propria,
1187 1270 1261 1312 vera
1288 1261 1321 1312 et
1340 1250 1430 1310 unica
1451 1257 1502 1311 est

350 1390 501 1447 mensura,
520 1369 676 1430 diiudicat.
697 1367 818 1449 Quippe
836 1367 928 1428 etiam
950 1367 1110 1428 sensibilia
1137 1369 1316 1429 adsensum
1335 1376 1367 1429 et
1388 1387 1498 1430 sensns

351 1486 391 1547 ad
407 1486 565 1547 sensibilia
582 1486 667 1545 iuxta
688 1484 772 1545 aliud
793 1484 902 1545 melius
928 1485 979 1546 vel
997 1484 1135 1546 deterius
1159 1483 1301 1545 veritatis
1318 1502 1416 1561 genus
1436 1504 1498 1544 non

287 1600 560 1680 recenserentur,
593 1601 713 1680 quando
743 1602 782 1663 de
811 1601 926 1663 eisdem
959 1621 1059 1680 neque
1091 1602 1171 1662 ratio
1198 1621 1296 1678 neque
1321 1600 1498 1663 intellectus

350 1741 450 1798 neque
461 1740 547 1781 mens
558 1720 714 1798 quippiam
731 1738 917 1796 cognoscere
936 1725 1040 1797 potest
1052 1719 1103 1779 vel
1117 1717 1253 1795 definire,
1266 1716 1411 1795 quidquid
1428 1737 1498 1794 gar·

351 1837 434 1897 riant
448 1836 582 1916 propriis
604 1845 636 1895 et
656 1834 795 1895 ridiculis
813 1833 876 1895 illis
901 1834 1159 1896 distinctiunculis
1181 1833 1435 1914 importunissimi
1453 1853 1500 1894 sc·

356 1955 486 2034 phistac.
499 1956 601 2015 Minus
612 1953 691 2014 enim
702 1953 780 2014 ratio
792 1959 896 2032 potest
905 1952 944 2013 de
956 1953 1109 2014 coloribus
1119 1953 1255 2014 iudicare
1264 1972 1352 2029 quam
1361 1951 1498 2028 auditus,

352 2071 449 2131 veluti
477 2071 530 2129 illa
556 2071 588 2130 in
609 2069 669 2129 alio
696 2067 882 2146 cognitionis
909 2088 1033 2146 genere,
1054 2068 1114 2129 iste
1144 2088 1218 2130 vero
1236 2069 1266 2127 in
1284 2068 1345 2129 alia
1363 2065 1499 2129 eiusdem

290 2190 331 2255 15
354 2189 477 2266 generis
495 2188 598 2268 specie
617 2206 685 2247 esse
708 2185 889 2267 dinoscitur,
912 2192 943 2247 et
964 2185 1081 2265 stupidi
1099 2193 1147 2247 est
1166 2186 1323 2247 discursus
1340 2185 1421 2247 velle
1435 2203 1501 2245 sen·

355 2304 456 2366 sibilia
474 2304 513 2365 ad
529 2303 658 2365 eandem
674 2303 879 2364 conditionem
903 2304 1087 2381 cognitionis
1103 2299 1378 2386 revocare[velle],
1393 2303 1424 2361 in
1442 2322 1501 2380 qua

355 2422 579 2483 ratiocinabilia
591 2430 622 2482 et
631 2419 840 2498 intelligibilia
855 2427 1027 2480 cernuntur.
1042 2420 1206 2481 Sensibilia
1217 2421 1329 2500 quippe
1344 2439 1418 2481 vera
1430 2427 1502 2480 suut

356 2562 417 2602 non
430 2541 514 2600 iuxta
529 2557 719 2600 communem
734 2537 866 2615 aliquam
882 2545 913 2599 et
928 2538 1134 2601 universalem
1147 2558 1333 2617 mensuram,
1348 2537 1404 2599 sed
1418 2537 1503 2598 iuxta

356 2663 590 2740 homogeneam‚
605 2657 835 2738 particularem,
848 2657 1016 2737 propriam,
1034 2657 1210 2719 mutabilem
1221 2666 1312 2735 atque
1322 2657 1502 2720 variabilem

291 2780 335 2844 20
357 2797 538 2839 mensuram.
557 2774 604 2835 De
622 2773 819 2836 sensibilibus
838 2793 920 2851 ergo,
940 2794 999 2851 qua
1016 2773 1174 2834 sensibilia
1189 2781 1269 2850 sunt,
1287 2772 1503 2835 universaliter

359 2894 440 2959 velle
458 2894 653 2972 definire,in
678 2912 774 2972 aequo
804 2900 853 2953 est
880 2901 971 2970 atque
996 2893 1034 2953 de
1055 2893 1302 2970 intelligibilibus
1319 2893 1386 2955 vioe
1413 2912 1504 2955 versa

359 3012 557 3074 sensibiliter.
586 3009 674 3070 Circa
699 3017 800 3070 actum
826 3009 900 3069 item
926 3029 1036 3071 sensus
1057 3009 1219 3072 exterioris
1245 3009 1395 3090 perfectio
1419 3011 1505 3071 iirxta

360 3150 432 3194 suos
449 3130 563 3208 gradus
581 3148 650 3190 esse
667 3134 772 3207 potest
789 3136 880 3204 atque
903 3126 1058 3206 defectus,
1080 3127 1196 3190 veritas
1218 3135 1319 3191 autem
1341 3137 1433 3206 atquo
1450 3129 1504 3189 fal·

362 3248 454 3325 sitas,
473 3246 598 3323 quaein
616 3245 780 3306 collatione
799 3244 929 3305 subiecti
947 3243 986 3304 ad
1004 3245 1180 3321 passionem
1208 3245 1363 3324 consistit,
1382 3247 1505 3307 minime

294 3365 337 3430 ‘25
361 3365 496 3444 quidem,
515 3363 635 3441 quando
662 3361 779 3424 veritas
806 3371 898 3439 atque
916 3362 1038 3426 falsitas
1065 3365 1266 3427 enunciabilis
1283 3366 1313 3426 in
1331 3365 1446 3446 triplici
1467 3366 1506 3428 da

361 3485 547 3547 necessitate
573 3482 717 3559 termino,
752 3481 818 3542 sire
851 3482 889 3541 de
916 3482 1014 3559 primo
1042 3483 1109 3543 sive
1140 3482 1179 3545 da
1205 3484 1340 3546 secundo
1368 3485 1506 3564 capiatur

363 3604 533 3680 adiacente,
554 3600 748 3679 comperitur.
768 3598 863 3660 Oculo
882 3599 962 3659 euim
983 3599 1095 3679 lucem,
1118 3601 1251 3663 colorem
1272 3609 1363 3679 atque
1390 3612 1507 3664 motum

363 3722 521 3797 videmus,
539 3737 644 3778 verum
663 3725 763 3779 autam
783 3717 868 3777 oculo
886 3716 993 3778 videre
1009 3739 1071 3778 non
1088 3739 1263 3798 possamus3
1278 3739 1376 3798 neque
1394 3722 1507 3782 etenim

364 3843 394 3902 in
414 3841 502 3902 oculo
520 3839 568 3900 vie
586 3837 700 3899 casita
718 3844 779 3913 est,
799 3857 857 3914 qua
874 3837 955 3897 hunc
972 3856 1041 3899 esse
1059 3857 1164 3898 verum
1186 3839 1319 3900 colorem
1348 3838 1508 3918 lucemque

299 3960 343 4031 30
367 3977 471 4019 veram
492 3953 708 4032 diiudicemus,
740 3963 771 4014 et
793 3955 831 4014 ab
856 3955 1075 4033 apparentibus
1099 3955 1249 4016 eiusmodi
1273 3956 1505 4032 distinguamus.

366 4075 403 4133 Ei
425 4074 475 4150 qni
493 4071 628 4132 affirmat
644 4071 796 4131 bominem
815 4090 883 4131 esse
905 4071 1028 4147 animal,
1049 4091 1126 4151 opus
1143 4080 1192 4134 est
1209 4092 1396 4151 cognoscere
1411 4074 1507 4134 homi·

366 4211 435 4251 nam
452 4199 483 4250 ot
504 4188 632 4266 animal,
647 4197 678 4249 et
695 4187 809 4248 bomini
826 4187 939 4248 animal
959 4188 1075 4266 inesse,
1094 4196 1126 4249 et
1147 4189 1207 4249 alia
1228 4209 1319 4268 quae,
1345 4197 1379 4250 ut
1406 4191 1508 4252 media

407 4333 469 4338 .--.
487 4331 551 4337 .—-⁴
574 4332 598 4336 --
646 4332 721 4337 ...—.
758 4330 825 4337 —-—
1069 4329 1145 4336 -.u—u
1166 4329 1260 4336 -—-—
1277 4331 1281 4335 .
1301 4331 1340 4336 .-
1372 4331 1393 4337 -.
1410 4332 1500 4339 —-—

462 4437 472 4483 l
492 4433 621 4498 capiatur
635 4432 702 4482 sarie
715 4431 751 4480 da
765 4427 913 4480 cancellare
