3428 5138
549 463 864 513 conrnunnsmouns
884 466 928 510 nx
949 466 1080 513 umrmo.
1330 449 1387 509 195

244 623 335 692 atque
353 615 611 695 circumstantiae,
635 617 674 678 ad
700 619 779 680 hanc
801 620 992 700 incomplexe
1015 620 1233 699 complexaque
1262 637 1389 679 concur-

244 739 315 792 runt
332 733 546 811 cognitionem.
565 735 680 799 Sensus
698 758 772 800 vero
795 739 914 800 externi
939 759 1000 799 non
1031 745 1080 800 est
1102 737 1161 798 nisi
1180 757 1270 797 anem
1293 744 1386 814 etque

245 850 413 929 simplicem
433 853 544 913 obiecti
562 855 650 915 unius
677 856 811 935 speciem
828 856 1073 935 apprehendere;
1094 853 1251 916 excolere
1270 853 1385 933 qnippe

244 975 336 1042 atque
353 966 464 1047 figura,
480 968 609 1030 subiecti
627 969 750 1049 figurati
765 972 953 1049 eoloratique
979 992 1090 1033 nomen
1110 971 1274 1032 veritatem
1295 976 1387 1047 etque

200 1079 220 1143 ὅ
244 1084 312 1144 aliis
330 1085 459 1147 obiectis
477 1086 682 1150 differentiam
699 1090 841 1151 meditari
855 1090 933 1150 alius
951 1090 1072 1151 omnino
1083 1086 1265 1168 profundius
1282 1085 1385 1146 inhae-

243 1201 339 1262 rentis
358 1209 406 1262 est
426 1203 559 1265 virtutis,
579 1203 675 1276 Quam
697 1225 770 1267 sane
792 1207 997 1287 potentiarum
1019 1204 1249 1266 distinctionem
1266 1222 1285 1262 a
1302 1201 1383 1281 peri·

243 1320 386 1398 pateticis
404 1320 501 1398 magis
517 1321 713 1384 laudabiliter
723 1324 941 1402 investigatam
952 1343 1042 1402 quem
1056 1319 1188 1384 feliciter
1199 1325 1385 1399 compertam

244 1455 326 1511 esse,
347 1457 401 1498 suo
417 1437 680 1501 manifestabimus
697 1441 729 1502 in
749 1442 864 1504 ordine.

324 1570 341 1616 a
361 1557 389 1615 4.
408 1556 538 1617 Obiecta
559 1557 586 1618 ei
608 1560 656 1618 oui
673 1559 770 1637 primo
787 1567 879 1637 atqua
896 1559 1022 1640 proprie
1042 1558 1252 1620 attribuuntur
1268 1555 1385 1634 sensui,

180 1668 223 1731 10
243 1673 392 1754 maixime
410 1683 481 1735 sunt
499 1675 688 1754 praesentia,
711 1684 858 1753 actusque
879 1677 931 1754 qui
947 1676 1030 1738 circa
1046 1674 1129 1736 idem
1159 1680 1385 1750 consequuntur
1409 1680 1450 1743 p.
1470 1665 1529 1728 61

246 1791 409 1870 obiectum,
428 1812 495 1853 eum
516 1793 773 1869 consequentibus
792 1793 940 1874 potentiis
964 1796 996 1855 in
1017 1794 1133 1855 virtute
1154 1792 1271 1873 primae
1293 1798 1387 1866 atque

245 1911 388 1990 praeviae
405 1910 549 1988 militant;
568 1913 692 1972 surdum
714 1913 794 1975 enim
817 1932 915 1989 neque
936 1911 1097 1991 imaginari
1118 1929 1216 1988 neque
1233 1907 1387 1971 somniare

245 2048 337 2107 posse
349 2048 442 2089 voees
454 2050 529 2107 quas
541 2049 701 2109 numquam
715 2031 879 2109 exaudivit,
893 2050 990 2109 neque
1003 2050 1126 2091 caecum
1136 2048 1212 2107 quas
1223 2047 1387 2104 numquam

244 2148 359 2210 viderit
378 2148 494 2227 figuras
508 2158 599 2228 etque
619 2150 752 2229 colores,
771 2172 831 2212 non
852 2159 902 2213 est
921 2151 973 2230 qui
995 2152 1109 2212 audeat
1129 2149 1271 2226 inficiari3
1288 2168 1388 2225 neque

180 2258 221 2321 15
244 2266 275 2326 in
293 2266 413 2327 interno
430 2287 523 2329 sensu
540 2266 696 2330 efficacius
714 2289 766 2330 eas
779 2269 928 2350 possibile
950 2279 1085 2332 estesse
1104 2269 1234 2349 species,
1252 2268 1387 2345 quamsi

246 2384 380 2445 externis
397 2385 560 2463 aliquando
582 2387 724 2448 sensibus
745 2387 796 2448 vel
821 2386 987 2448 seeundum
1007 2393 1106 2447 totum
1131 2386 1322 2462 eundemque
1344 2405 1390 2446 or·

245 2502 360 2580 dinem,
378 2503 429 2565 vel
446 2504 612 2566 secundum
632 2512 737 2585 partes
760 2505 898 2580 aliosque
915 2503 1039 2566 ordines
1060 2502 1223 2582 aliquando
1241 2503 1391 2582 praeexti-

249 2603 351 2663 tarint.

324 2723 341 2768 l
362 2722 392 2781 9.
412 2720 531 2780 Natura
547 2729 634 2781 tento
648 2741 738 2782 unam
756 2742 823 2782 oum
840 2721 964 2803 proprio
982 2728 1054 2782 actu
1070 2719 1240 2800 potentiam
1258 2718 1390 2798 amplius

179 2829 224 2892 20
249 2837 396 2916 intendit,
414 2846 527 2915 quanto
546 2840 643 2900 altera
659 2839 787 2900 remissa
806 2847 855 2900 est
871 2838 922 2900 vel
938 2837 1096 2919 impedita.
1109 2837 1224 2898 Verum
1243 2836 1389 2898 circulum

244 2975 330 3016 mens
346 2955 405 3015 nisi
423 2965 494 3035 post
512 2959 691 3018 sensitivam
708 2956 954 3018 informationem
970 2976 1031 3017 non
1052 2955 1173 3031 delinit,
1197 2973 1297 3031 neque
1325 2974 1391 3016 sen·

245 3073 354 3133 sitivao
372 3074 529 3151 potentiae
540 3095 648 3135 munus
666 3075 725 3135 erit
742 3073 878 3153 definire,
891 3075 971 3136 siout
988 3083 1019 3135 et
1035 3074 1191 3136 minimum
1206 3067 1390 3153 simpliciter

244 3191 476 3270 apprehendere
500 3192 545 3252 illi
572 3203 620 3253 est
638 3193 836 3273 impossibile.
855 3194 957 3255 Verus
976 3192 1071 3270 igitur
1092 3191 1224 3252 circulus
1251 3190 1389 3250 etiamsi

245 3309 277 3369 in
294 3330 394 3371 rerum
412 3320 520 3372 natura
542 3312 771 3391 comperiretur,
790 3311 904 3372 nullius
916 3319 965 3372 est
983 3331 1087 3372 aarum
1110 3310 1220 3388 quibus
1239 3309 1389 3370 donamur·

179 3435 222 3497 ‘223
246 3432 402 3510 potentiae
420 3431 687 3510 comprehendere.
705 3432 812 3509 Neque
830 3430 900 3492 ideo
917 3430 1023 3491 circuli
1046 3429 1253 3490 definitionem
1282 3448 1390 3490 secun-

246 3549 318 3610 dum
334 3551 479 3629 logicam,
495 3557 547 3611 out
564 3551 792 3627 quomodolibet
807 3550 897 3611 aliter
914 3548 1135 3610 abstractivam
1151 3548 1305 3624 technam,
1323 3567 1389 3627 spe·

246 3668 426 3729 cifioabilem
443 3668 544 3729 ocioso
562 3667 675 3744 alioqui
690 3667 849 3729 ratiocinio
867 3687 928 3728 non
945 3665 1149 3728 concedimus.

569 3828 641 3833 ·-—·—
847 3823 1068 3833 ——--..---·
1105 3824 1277 3832 ...--—--—.

295 3913 323 3960 12
340 3911 494 3962 somniario
559 3912 588 3960 13
605 3927 706 3963 caecus
770 3909 906 3978 15si1sit
968 3911 998 3960 21
1016 3906 1391 3978 sq.sensitivao]seusitivo
