3428 5138
339 392 398 451 144
648 405 786 452 tonnam
806 406 908 452 uuvm
929 405 974 450 nn
996 406 1131 467 nmine,
1155 406 1175 451 1.

787 714 940 780 CAPVT
975 714 1034 779 IV.

590 883 673 923 Omnia
687 881 852 933 quodammodo
866 882 962 923 clrculrc
981 886 1005 922 ot
1018 881 1126 922 circulum
1141 881 1235 922 imitari.

424 1028 509 1095 Inde
530 1036 611 1096 nota
629 1036 669 1096 nt
687 1029 778 1095 vires
798 1052 1032 1116 quaecumque
1051 1038 1086 1096 et
1105 1053 1248 1118 corpora
1274 1037 1398 1097 cuncta
1505 1053 1548 1116 p.
1568 1038 1633 1101 14

337 1148 508 1237 Sphaerae
528 1149 613 1214 dant
631 1148 818 1235 specimen,
839 1147 927 1234 cycli
946 1148 1102 1236 sphaera,
1123 1149 1257 1235 isteque
1277 1148 1404 1231 centri3

291 1269 312 1332 5
336 1265 425 1331 Nom
443 1264 532 1330 nihil
550 1271 603 1329 est
618 1265 735 1350 cyclus
753 1271 890 1351 praeter
908 1264 1096 1352 spectabile
1116 1272 1286 1350 centrum,

335 1382 381 1447 Et
400 1381 474 1446 sine
489 1382 557 1446 fine
576 1380 700 1467 globus
719 1379 807 1445 nihil
823 1386 875 1445 est
893 1380 962 1445 nisi
981 1387 1138 1447 centrum
1156 1381 1296 1467 ubique.

338 1498 450 1574 Quare
462 1496 519 1562 hic
529 1495 734 1584 simpliciter
745 1502 902 1562 centrum
914 1503 975 1580 est,
988 1496 1240 1583 minimumque
1252 1521 1314 1585 per
1327 1521 1427 1564 omne
1469 1524 1482 1564 5

334 1611 461 1678 Totum
480 1635 515 1677 se
534 1610 698 1695 fundens,
719 1633 853 1692 verum,
874 1633 995 1695 unum,
1015 1633 1162 1698 semper,
1183 1611 1220 1676 in
1240 1614 1335 1678 omni

335 1731 512 1818 Omneque
531 1730 759 1817 compositum
778 1731 815 1796 in
834 1730 1017 1796 minimum
1032 1730 1267 1818 revocabitur,
1288 1739 1327 1797 nt
1347 1732 1406 1816 sit;

270 1845 312 1908 10
335 1846 621 1933 Quandoquidem
640 1846 821 1912 minimum
841 1854 1000 1929 naturae,
1016 1846 1207 1932 quamlibet
1226 1848 1333 1936 ampli

335 1963 517 2031 Sensibilis
537 1963 667 2029 claudit
683 1963 775 2030 vires
792 1970 896 2048 etque
916 1963 1067 2050 explicat
1087 1965 1165 2029 ulte.

334 2080 424 2145 Nam
443 2080 625 2146 minimum
645 2081 807 2146 substans
825 2079 1004 2167 praecellit
1022 2081 1144 2146 robore
1167 2080 1253 2146 mire
1456 2112 1482 2149 ιο

334 2197 510 2262 Concursu
529 2196 653 2261 molem
670 2195 910 2281 quodcumque
928 2195 1077 2261 increvit
1096 2196 1134 2261 in
1153 2195 1312 2283 amplam.

334 2313 507 2378 Nimirum
526 2312 637 2378 virtus
658 2312 851 2378 subiectum
871 2334 994 2399 corpus
1013 2311 1204 2399 adaugere,

269 2433 310 2498 15
334 2429 562 2513 Confirmans,
581 2429 778 2514 parteisquc
798 2427 888 2512 quod
906 2428 978 2494 eius
997 2428 1107 2494 nectit
1125 2429 1162 2493 in
1181 2450 1302 2514 unum,

334 2545 445 2630 Seque
464 2545 577 2632 ipsum
597 2551 631 2610 ct
651 2544 780 2610 circum
799 2567 871 2610 sese
890 2545 1020 2610 isthaec
1039 2545 1155 2611 omnia
1175 2551 1302 2630 servat,

334 2661 396 2725 Est
412 2659 608 2743 minimum,
629 2667 689 2725 aut
704 2660 800 2725 nulla
820 2660 1010 2727 consistens
1029 2660 1118 2726 mole
1133 2658 1299 2746 profecto.
1456 2688 1480 2728 15

335 2776 547 2864 Simpliciter
563 2776 704 2843 tandem
724 2775 909 2843 monadum
925 2798 1045 2843 monas
1064 2799 1133 2842 una
1156 2783 1292 2864 reperta
1311 2784 1378 2861 est,

335 2893 430 2970 Quae
448 2894 597 2959 multum
616 2900 650 2958 ct
669 2911 834 2979 magnum
853 2893 1094 2980 complectitur
1112 2916 1280 2980 omneque
1299 2895 1337 2960 in
1355 2895 1425 2960 ista

269 3013 312 3076 20
337 3010 549 3096 integranda
568 3033 700 3093 means,
721 3011 965 3076 densantibus
985 3035 1070 3096 esse,
1092 3012 1255 3097 Deusquc
1274 3018 1326 3077 est

335 3126 467 3192 Extons
483 3134 608 3211 totum,
629 3126 819 3210 infinitum,
840 3150 973 3210 verum,
994 3150 1107 3209 omne,
1128 3127 1272 3210 bonum,
1294 3149 1412 3193 unum.

335 3243 497 3328 Quaeque
516 3243 552 3308 iu
572 3244 776 3331 composite,
795 3243 942 3308 discreto
962 3243 1186 3330 sensibilique
1454 3273 1481 3310 so

333 3358 548 3443 Consistunt,
570 3367 605 3425 et
621 3359 815 3425 distractim
835 3358 1002 3425 dimensio
1023 3359 1164 3443 conflat,

335 3476 424 3544 Sunt
443 3477 514 3544 alid
533 3485 637 3564 atque
656 3477 751 3545 aliud
770 3479 993 3543 minimorum
1011 3501 1134 3565 corpus
1150 3476 1313 3563 adusque.

267 3601 310 3665 25
335 3595 430 3671 Quae
448 3617 627 3680 nunqnam
647 3595 762 3681 spacio
782 3619 818 3660 se
837 3595 1096 3682 compatiuntur
1115 3596 1151 3659 in
1171 3615 1255 3676 uno,

333 3712 421 3777 Hcic
436 3712 497 3778 ubi
513 3712 672 3777 materies
692 3712 852 3799 expansis
871 3710 1018 3777 fluctuat
1037 3710 1114 3790 alis;

333 3828 376 3893 In
392 3852 486 3912 vere,
507 3852 588 3913 uno,
607 3838 696 3912 onte,
716 3831 904 3914 aeriterno,
926 3830 1094 3917 simplice,
1115 3828 1232 3896 eodem
1452 3858 1479 3896 ss

333 3947 412 4011 Non
432 3954 591 4011 statuunt
609 3969 789 4012 numerum
815 3948 973 4034 simplex,
994 3970 1067 4029 ens,
1086 3966 1194 4011 unum
1212 3949 1247 4008 et
1265 3942 1374 4007 idem:

333 4061 425 4124 Hinc
444 4061 494 4125 illi
514 4061 693 4148 proprium
712 4062 845 4127 faciunt
869 4061 1042 4127 contraria
1059 4080 1183 4124 nomen

266 4184 309 4246 ab
332 4177 557 4262 Principium,
578 4177 669 4259 finis,
691 4177 849 4259 medium,
870 4185 1069 4256 extremum,
1089 4171 1192 4251 nibil,
1211 4191 1320 4235 omne.

333 4293 398 4358 Cui
416 4294 581 4378 gradibus
601 4295 703 4359 certis
722 4294 851 4380 specics
870 4316 982 4358 rerum
1002 4286 1251 4356 adsimilantur.

333 4408 433 4475 Unde
445 4409 532 4473 idem
547 4409 712 4475 immenso
724 4418 775 4474 est
786 4408 938 4496 longum,
951 4408 1059 4472 latum
1072 4409 1174 4489 atque
1184 4398 1409 4489 profundum3
1450 4432 1477 4468 se
