<?xml version="1.0" encoding="UTF-8"?>
<!DOCTYPE html PUBLIC "-//W3C//DTD XHTML 1.0 Transitional//EN"
    "http://www.w3.org/TR/xhtml1/DTD/xhtml1-transitional.dtd">
<html xmlns="http://www.w3.org/1999/xhtml" xml:lang="en" lang="en">
 <head>
  <title>
</title>
<meta http-equiv="Content-Type" content="text/html;charset=utf-8" />
  <meta name='ocr-system' content='tesseract 3.04.00' />
  <meta name='ocr-capabilities' content='ocr_page ocr_carea ocr_par ocr_line ocrx_word'/>
</head>
<body>
  <div class='ocr_page' id='page_1' title='image "./jordanibruninol01brungoog_0317.png"; bbox 0 0 3428 5138; ppageno 0'>
   <div class='ocr_carea' id='block_1_1' title="bbox 687 457 918 501">
    <p class='ocr_par' dir='ltr' id='par_1_1' title="bbox 687 457 918 501">
     <span class='ocr_line' id='line_1_1' title="bbox 687 457 918 501; baseline 0.004 -2"><span class='ocrx_word' id='word_1_1' title='bbox 687 457 732 500; x_wconf 76' lang='lat' dir='ltr'><strong>DE</strong></span> <span class='ocrx_word' id='word_1_2' title='bbox 753 457 918 501; x_wconf 78' lang='lat' dir='ltr'><strong>MENBVRA.</strong></span> 
     </span>
    </p>
   </div>
   <div class='ocr_carea' id='block_1_2' title="bbox 160 611 1368 2100">
    <p class='ocr_par' dir='ltr' id='par_1_2' title="bbox 160 611 1368 2100">
     <span class='ocr_line' id='line_1_2' title="bbox 228 611 1113 701; baseline 0.003 -25"><span class='ocrx_word' id='word_1_3' title='bbox 228 611 359 677; x_wconf 82' lang='lat' dir='ltr'>Tantae</span> <span class='ocrx_word' id='word_1_4' title='bbox 378 618 430 677; x_wconf 87' lang='lat' dir='ltr'><strong>est</strong></span> <span class='ocrx_word' id='word_1_5' title='bbox 450 613 605 698; x_wconf 92' lang='lat' dir='ltr'><strong>virtutis,</strong></span> <span class='ocrx_word' id='word_1_6' title='bbox 626 613 721 679; x_wconf 89' lang='lat' dir='ltr'><strong>nulla</strong></span> <span class='ocrx_word' id='word_1_7' title='bbox 740 622 779 678; x_wconf 93' lang='lat' dir='ltr'><strong>ut</strong></span> <span class='ocrx_word' id='word_1_8' title='bbox 797 612 993 701; x_wconf 89' lang='lat' dir='ltr'><strong>ampledine</strong></span> <span class='ocrx_word' id='word_1_9' title='bbox 1012 620 1113 700; x_wconf 88' lang='lat' dir='ltr'><strong>capta</strong></span> 
     </span>
     <span class='ocr_line' id='line_1_3' title="bbox 226 726 1105 816; baseline 0.003 -24"><span class='ocrx_word' id='word_1_10' title='bbox 226 726 401 814; x_wconf 89' lang='lat' dir='ltr'><strong>Percipiat</strong></span> <span class='ocrx_word' id='word_1_11' title='bbox 419 729 516 815; x_wconf 90' lang='lat' dir='ltr'><strong>longi</strong></span> <span class='ocrx_word' id='word_1_12' title='bbox 535 729 695 816; x_wconf 88' lang='lat' dir='ltr'><strong>speciem,</strong></span> <span class='ocrx_word' id='word_1_13' title='bbox 716 753 803 815; x_wconf 89' lang='lat' dir='ltr'><strong>quae</strong></span> <span class='ocrx_word' id='word_1_14' title='bbox 821 729 913 795; x_wconf 89' lang='lat' dir='ltr'><strong>linea</strong></span> <span class='ocrx_word' id='word_1_15' title='bbox 932 729 1025 795; x_wconf 88' lang='lat' dir='ltr'><strong>diota</strong></span> <span class='ocrx_word' id='word_1_16' title='bbox 1044 737 1105 795; x_wconf 88' lang='lat' dir='ltr'><strong>est.</strong></span> 
     </span>
     <span class='ocr_line' id='line_1_4' title="bbox 226 845 1139 934; baseline 0.003 -25"><span class='ocrx_word' id='word_1_17' title='bbox 226 845 332 910; x_wconf 89' lang='lat' dir='ltr'><strong>Porro</strong></span> <span class='ocrx_word' id='word_1_18' title='bbox 352 847 574 930; x_wconf 89' lang='lat' dir='ltr'><strong>quantumvis</strong></span> <span class='ocrx_word' id='word_1_19' title='bbox 595 847 777 913; x_wconf 89' lang='lat' dir='ltr'><strong>minimum</strong></span> <span class='ocrx_word' id='word_1_20' title='bbox 795 847 938 933; x_wconf 88' lang='lat' dir='ltr'><strong>longum</strong></span> <span class='ocrx_word' id='word_1_21' title='bbox 957 846 1072 934; x_wconf 88' lang='lat' dir='ltr'><strong>fugiat</strong></span> <span class='ocrx_word' id='word_1_22' title='bbox 1091 854 1139 931; x_wconf 92' lang='lat' dir='ltr'><strong>te,</strong></span> 
     </span>
     <span class='ocr_line' id='line_1_5' title="bbox 227 961 1289 1050; baseline 0.003 -26"><span class='ocrx_word' id='word_1_23' title='bbox 227 961 393 1026; x_wconf 86' lang='lat' dir='ltr'><strong>Attamen</strong></span> <span class='ocrx_word' id='word_1_24' title='bbox 412 962 504 1028; x_wconf 87' lang='lat' dir='ltr'><strong>haud</strong></span> <span class='ocrx_word' id='word_1_25' title='bbox 521 963 634 1050; x_wconf 86' lang='lat' dir='ltr'><strong>fugiet</strong></span> <span class='ocrx_word' id='word_1_26' title='bbox 652 964 809 1049; x_wconf 85' lang='lat' dir='ltr'><strong>longum,</strong></span> <span class='ocrx_word' id='word_1_27' title='bbox 831 964 922 1049; x_wconf 92' lang='lat' dir='ltr'><strong>quod</strong></span> <span class='ocrx_word' id='word_1_28' title='bbox 942 963 1112 1029; x_wconf 91' lang='lat' dir='ltr'><strong>terminus</strong></span> <span class='ocrx_word' id='word_1_29' title='bbox 1132 964 1205 1050; x_wconf 89' lang='lat' dir='ltr'><strong>ipse</strong></span> <span class='ocrx_word' id='word_1_30' title='bbox 1225 971 1289 1044; x_wconf 70' lang='lat' dir='ltr'><strong>ost,</strong></span> 
     </span>
     <span class='ocr_line' id='line_1_6' title="bbox 182 1076 1368 1166; baseline 0.006 -26"><span class='ocrx_word' id='word_1_31' title='bbox 182 1076 203 1139; x_wconf 77' lang='grc'>5</span> <span class='ocrx_word' id='word_1_32' title='bbox 227 1077 357 1164; x_wconf 90' lang='lat' dir='ltr'><strong>Nempe</strong></span> <span class='ocrx_word' id='word_1_33' title='bbox 377 1079 468 1164; x_wconf 89' lang='lat' dir='ltr'><strong>quod</strong></span> <span class='ocrx_word' id='word_1_34' title='bbox 487 1086 539 1144; x_wconf 89' lang='lat' dir='ltr'><strong>est</strong></span> <span class='ocrx_word' id='word_1_35' title='bbox 558 1079 649 1146; x_wconf 90' lang='lat' dir='ltr'><strong>inter</strong></span> <span class='ocrx_word' id='word_1_36' title='bbox 668 1080 807 1166; x_wconf 89' lang='lat' dir='ltr'><strong>nigrum</strong></span> <span class='ocrx_word' id='word_1_37' title='bbox 827 1081 1013 1147; x_wconf 75' lang='lat' dir='ltr'><strong>discrimen</strong></span> <span class='ocrx_word' id='word_1_38' title='bbox 1029 1088 1063 1147; x_wconf 91' lang='lat' dir='ltr'><strong>et</strong></span> <span class='ocrx_word' id='word_1_39' title='bbox 1083 1080 1209 1145; x_wconf 88' lang='lat' dir='ltr'><strong>album.</strong></span> <span class='ocrx_word' id='word_1_40' title='bbox 1343 1111 1368 1147; x_wconf 77' lang='lat' dir='ltr'><strong>eo</strong></span> 
     </span>
     <span class='ocr_line' id='line_1_7' title="bbox 225 1195 1179 1281; baseline 0.002 -21"><span class='ocrx_word' id='word_1_41' title='bbox 225 1196 336 1261; x_wconf 90' lang='lat' dir='ltr'><strong>Immo</strong></span> <span class='ocrx_word' id='word_1_42' title='bbox 355 1196 461 1260; x_wconf 87' lang='lat' dir='ltr'><strong>etiam</strong></span> <span class='ocrx_word' id='word_1_43' title='bbox 480 1219 601 1261; x_wconf 90' lang='lat' dir='ltr'><strong>verum</strong></span> <span class='ocrx_word' id='word_1_44' title='bbox 620 1195 706 1262; x_wconf 90' lang='lat' dir='ltr'><strong>illud</strong></span> <span class='ocrx_word' id='word_1_45' title='bbox 725 1197 870 1263; x_wconf 89' lang='lat' dir='ltr'><strong>firmiter</strong></span> <span class='ocrx_word' id='word_1_46' title='bbox 889 1198 1037 1264; x_wconf 87' lang='lat' dir='ltr'><strong>adiicere</strong></span> <span class='ocrx_word' id='word_1_47' title='bbox 1055 1197 1179 1281; x_wconf 85' lang='lat' dir='ltr'><strong>ausim,</strong></span> 
     </span>
     <span class='ocr_line' id='line_1_8' title="bbox 226 1314 1072 1403; baseline 0.002 -23"><span class='ocrx_word' id='word_1_48' title='bbox 226 1314 337 1392; x_wconf 80' lang='lat' dir='ltr'><strong>Quam</strong></span> <span class='ocrx_word' id='word_1_49' title='bbox 357 1315 472 1380; x_wconf 87' lang='lat' dir='ltr'><strong>minus</strong></span> <span class='ocrx_word' id='word_1_50' title='bbox 490 1314 527 1379; x_wconf 89' lang='lat' dir='ltr'><strong>id</strong></span> <span class='ocrx_word' id='word_1_51' title='bbox 546 1338 649 1381; x_wconf 86' lang='lat' dir='ltr'><strong>sensu</strong></span> <span class='ocrx_word' id='word_1_52' title='bbox 666 1316 777 1403; x_wconf 86' lang='lat' dir='ltr'><strong>possit</strong></span> <span class='ocrx_word' id='word_1_53' title='bbox 796 1316 963 1402; x_wconf 77' lang='lat' dir='ltr'>cogitatio</span> <span class='ocrx_word' id='word_1_54' title='bbox 982 1316 1072 1382; x_wconf 85' lang='lat' dir='ltr'><strong>ferre</strong></span> 
     </span>
     <span class='ocr_line' id='line_1_9' title="bbox 226 1429 1074 1517; baseline 0.007 -22"><span class='ocrx_word' id='word_1_55' title='bbox 226 1429 385 1496; x_wconf 86' lang='lat' dir='ltr'><strong>Luminis</strong></span> <span class='ocrx_word' id='word_1_56' title='bbox 404 1431 549 1496; x_wconf 75' lang='lat' dir='ltr'><strong>extremi</strong></span> <span class='ocrx_word' id='word_1_57' title='bbox 569 1431 804 1517; x_wconf 77' lang='lat' dir='ltr'><strong>adobtutun1;</strong></span> <span class='ocrx_word' id='word_1_58' title='bbox 825 1433 874 1500; x_wconf 91' lang='lat' dir='ltr'><strong>sio</strong></span> <span class='ocrx_word' id='word_1_59' title='bbox 892 1434 1074 1500; x_wconf 86' lang='lat' dir='ltr'><strong>manifeste</strong></span> 
     </span>
     <span class='ocr_line' id='line_1_10' title="bbox 226 1547 1085 1636; baseline 0.003 -26"><span class='ocrx_word' id='word_1_60' title='bbox 226 1547 446 1612; x_wconf 76' lang='lat' dir='ltr'><strong>Praesentem</strong></span> <span class='ocrx_word' id='word_1_61' title='bbox 465 1547 578 1633; x_wconf 89' lang='lat' dir='ltr'><strong>pulcri</strong></span> <span class='ocrx_word' id='word_1_62' title='bbox 597 1548 745 1634; x_wconf 87' lang='lat' dir='ltr'><strong>speciem</strong></span> <span class='ocrx_word' id='word_1_63' title='bbox 764 1549 929 1633; x_wconf 71' lang='lat' dir='ltr'><strong>cogitatio</strong></span> <span class='ocrx_word' id='word_1_64' title='bbox 949 1548 1085 1636; x_wconf 83' lang='lat' dir='ltr'><strong>pulchri</strong></span> 
     </span>
     <span class='ocr_line' id='line_1_11' title="bbox 160 1658 1368 1753; baseline 0 -25"><span class='ocrx_word' id='word_1_65' title='bbox 160 1658 202 1721; x_wconf 85' lang='grc'><strong>10</strong></span> <span class='ocrx_word' id='word_1_66' title='bbox 225 1662 304 1728; x_wconf 91' lang='lat' dir='ltr'><strong>Non</strong></span> <span class='ocrx_word' id='word_1_67' title='bbox 324 1671 476 1751; x_wconf 88' lang='lat' dir='ltr'><strong>superat,</strong></span> <span class='ocrx_word' id='word_1_68' title='bbox 496 1687 567 1729; x_wconf 90' lang='lat' dir='ltr'><strong>non</strong></span> <span class='ocrx_word' id='word_1_69' title='bbox 586 1672 769 1751; x_wconf 82' lang='lat' dir='ltr'><strong>exaequat,</strong></span> <span class='ocrx_word' id='word_1_70' title='bbox 788 1688 900 1750; x_wconf 90' lang='lat' dir='ltr'><strong>neque</strong></span> <span class='ocrx_word' id='word_1_71' title='bbox 919 1664 958 1729; x_wconf 90' lang='lat' dir='ltr'><strong>fit</strong></span> <span class='ocrx_word' id='word_1_72' title='bbox 977 1688 1084 1753; x_wconf 86' lang='lat' dir='ltr'><strong>prope</strong></span> <span class='ocrx_word' id='word_1_73' title='bbox 1104 1670 1211 1730; x_wconf 87' lang='lat' dir='ltr'><strong>tanta.</strong></span> <span class='ocrx_word' id='word_1_74' title='bbox 1342 1693 1368 1730; x_wconf 74' lang='lat'><strong>25</strong></span> 
     </span>
     <span class='ocr_line' id='line_1_12' title="bbox 224 1780 934 1871; baseline 0.008 -27"><span class='ocrx_word' id='word_1_75' title='bbox 224 1780 358 1846; x_wconf 87' lang='lat' dir='ltr'><strong>Natura</strong></span> <span class='ocrx_word' id='word_1_76' title='bbox 377 1781 499 1847; x_wconf 86' lang='lat' dir='ltr'><strong>melius</strong></span> <span class='ocrx_word' id='word_1_77' title='bbox 519 1782 596 1848; x_wconf 86' lang='lat' dir='ltr'><strong>visu</strong></span> <span class='ocrx_word' id='word_1_78' title='bbox 615 1789 684 1848; x_wconf 90' lang='lat' dir='ltr'><strong>stat</strong></span> <span class='ocrx_word' id='word_1_79' title='bbox 704 1783 840 1849; x_wconf 86' lang='lat' dir='ltr'><strong>sensilis</strong></span> <span class='ocrx_word' id='word_1_80' title='bbox 859 1784 934 1871; x_wconf 86' lang='lat' dir='ltr'><strong>ipso</strong></span> 
     </span>
     <span class='ocr_line' id='line_1_13' title="bbox 224 1896 1127 1984; baseline 0.004 -24"><span class='ocrx_word' id='word_1_81' title='bbox 224 1896 341 1961; x_wconf 85' lang='lat' dir='ltr'><strong>ludica</strong></span> <span class='ocrx_word' id='word_1_82' title='bbox 360 1896 421 1961; x_wconf 86' lang='lat' dir='ltr'><strong>lux</strong></span> <span class='ocrx_word' id='word_1_83' title='bbox 439 1896 533 1980; x_wconf 86' lang='lat' dir='ltr'><strong>solis,</strong></span> <span class='ocrx_word' id='word_1_84' title='bbox 554 1897 669 1963; x_wconf 89' lang='lat' dir='ltr'><strong>minus</strong></span> <span class='ocrx_word' id='word_1_85' title='bbox 688 1898 845 1984; x_wconf 78' lang='lat' dir='ltr'><strong>hancque</strong></span> <span class='ocrx_word' id='word_1_86' title='bbox 864 1899 995 1965; x_wconf 87' lang='lat' dir='ltr'><strong>vicaria</strong></span> <span class='ocrx_word' id='word_1_87' title='bbox 1014 1899 1127 1964; x_wconf 90' lang='lat' dir='ltr'><strong>virtus</strong></span> 
     </span>
     <span class='ocr_line' id='line_1_14' title="bbox 225 2012 1112 2100; baseline 0.003 -24"><span class='ocrx_word' id='word_1_88' title='bbox 225 2012 397 2100; x_wconf 78' lang='lat' dir='ltr'><strong>Accipiet,</strong></span> <span class='ocrx_word' id='word_1_89' title='bbox 417 2036 478 2079; x_wconf 88' lang='lat' dir='ltr'><strong>ceu</strong></span> <span class='ocrx_word' id='word_1_90' title='bbox 497 2014 560 2078; x_wconf 79' lang='lat' dir='ltr'><strong>n&#39;eo</strong></span> <span class='ocrx_word' id='word_1_91' title='bbox 579 2014 690 2080; x_wconf 86' lang='lat' dir='ltr'><strong>noctis</strong></span> <span class='ocrx_word' id='word_1_92' title='bbox 710 2014 812 2081; x_wconf 89' lang='lat' dir='ltr'><strong>vehet</strong></span> <span class='ocrx_word' id='word_1_93' title='bbox 832 2016 954 2082; x_wconf 87' lang='lat' dir='ltr'><strong>umbra</strong></span> <span class='ocrx_word' id='word_1_94' title='bbox 973 2016 1112 2082; x_wconf 87' lang='lat' dir='ltr'><strong>colores.</strong></span> 
     </span>
    </p>
   </div>
   <div class='ocr_carea' id='block_1_3' title="bbox 155 2261 1423 3044">
    <p class='ocr_par' dir='ltr' id='par_1_3' title="bbox 303 2261 1365 2340">
     <span class='ocr_line' id='line_1_15' title="bbox 303 2261 1365 2340; baseline 0.004 -19"><span class='ocrx_word' id='word_1_95' title='bbox 303 2261 558 2323; x_wconf 78' lang='lat' dir='ltr'><strong>Abstrahuntium</strong></span> <span class='ocrx_word' id='word_1_96' title='bbox 582 2283 643 2322; x_wconf 91' lang='lat' dir='ltr'><strong>uon</strong></span> <span class='ocrx_word' id='word_1_97' title='bbox 671 2283 740 2323; x_wconf 85' lang='lat' dir='ltr'><strong>esse</strong></span> <span class='ocrx_word' id='word_1_98' title='bbox 768 2263 958 2323; x_wconf 83' lang='lat' dir='ltr'><strong>mendacium</strong></span> <span class='ocrx_word' id='word_1_99' title='bbox 990 2265 1082 2340; x_wconf 88' lang='lat' dir='ltr'><strong>vulgo</strong></span> <span class='ocrx_word' id='word_1_100' title='bbox 1112 2262 1220 2324; x_wconf 84' lang='lat' dir='ltr'><strong>fertur.</strong></span> <span class='ocrx_word' id='word_1_101' title='bbox 1253 2263 1365 2325; x_wconf 85' lang='lat' dir='ltr'><strong>Variae</strong></span> 
     </span>
    </p>

    <p class='ocr_par' dir='ltr' id='par_1_4' title="bbox 155 2379 1423 3044">
     <span class='ocr_line' id='line_1_16' title="bbox 159 2379 1365 2460; baseline -0.002 -17"><span class='ocrx_word' id='word_1_102' title='bbox 159 2381 200 2443; x_wconf 78' lang='lat'><strong>15</strong></span> <span class='ocrx_word' id='word_1_103' title='bbox 224 2379 304 2439; x_wconf 90' lang='lat' dir='ltr'><strong>euim</strong></span> <span class='ocrx_word' id='word_1_104' title='bbox 322 2379 467 2439; x_wconf 84' lang='lat' dir='ltr'><strong>scientiae</strong></span> <span class='ocrx_word' id='word_1_105' title='bbox 486 2387 518 2440; x_wconf 92' lang='lat' dir='ltr'><strong>et</strong></span> <span class='ocrx_word' id='word_1_106' title='bbox 534 2388 617 2440; x_wconf 86' lang='lat' dir='ltr'><strong>artes</strong></span> <span class='ocrx_word' id='word_1_107' title='bbox 634 2380 716 2439; x_wconf 86' lang='lat' dir='ltr'><strong>circa</strong></span> <span class='ocrx_word' id='word_1_108' title='bbox 731 2400 823 2439; x_wconf 85' lang='lat' dir='ltr'><strong>unum</strong></span> <span class='ocrx_word' id='word_1_109' title='bbox 841 2381 982 2457; x_wconf 87' lang='lat' dir='ltr'><strong>idemque</strong></span> <span class='ocrx_word' id='word_1_110' title='bbox 998 2381 1169 2441; x_wconf 84' lang='lat' dir='ltr'><strong>subiectum</strong></span> <span class='ocrx_word' id='word_1_111' title='bbox 1188 2389 1365 2460; x_wconf 86' lang='lat' dir='ltr'><strong>versantur,</strong></span> 
     </span>
     <span class='ocr_line' id='line_1_17' title="bbox 224 2495 1366 2574; baseline 0.001 -19"><span class='ocrx_word' id='word_1_112' title='bbox 224 2515 301 2573; x_wconf 90' lang='lat' dir='ltr'><strong>quae</strong></span> <span class='ocrx_word' id='word_1_113' title='bbox 325 2516 385 2556; x_wconf 91' lang='lat' dir='ltr'><strong>non</strong></span> <span class='ocrx_word' id='word_1_114' title='bbox 414 2515 449 2555; x_wconf 90' lang='lat' dir='ltr'><strong>re</strong></span> <span class='ocrx_word' id='word_1_115' title='bbox 478 2495 684 2572; x_wconf 88' lang='lat' dir='ltr'><strong>considerata,</strong></span> <span class='ocrx_word' id='word_1_116' title='bbox 709 2496 765 2556; x_wconf 87' lang='lat' dir='ltr'><strong>sed</strong></span> <span class='ocrx_word' id='word_1_117' title='bbox 791 2497 859 2574; x_wconf 89' lang='lat' dir='ltr'><strong>ipso</strong></span> <span class='ocrx_word' id='word_1_118' title='bbox 890 2495 1105 2557; x_wconf 81' lang='lat' dir='ltr'><strong>considerandi</strong></span> <span class='ocrx_word' id='word_1_119' title='bbox 1133 2496 1238 2571; x_wconf 89' lang='lat' dir='ltr'><strong>modo,</strong></span> <span class='ocrx_word' id='word_1_120' title='bbox 1266 2496 1366 2556; x_wconf 84' lang='lat' dir='ltr'><strong>forma</strong></span> 
     </span>
     <span class='ocr_line' id='line_1_18' title="bbox 223 2614 1365 2692; baseline 0.002 -18"><span class='ocrx_word' id='word_1_121' title='bbox 223 2622 314 2692; x_wconf 85' lang='lat' dir='ltr'><strong>atque</strong></span> <span class='ocrx_word' id='word_1_122' title='bbox 328 2615 387 2676; x_wconf 85' lang='lat' dir='ltr'><strong>line</strong></span> <span class='ocrx_word' id='word_1_123' title='bbox 410 2614 652 2690; x_wconf 76' lang='lat' dir='ltr'><strong>distinguuntur5</strong></span> <span class='ocrx_word' id='word_1_124' title='bbox 669 2615 792 2676; x_wconf 84' lang='lat' dir='ltr'><strong>interim</strong></span> <span class='ocrx_word' id='word_1_125' title='bbox 810 2614 881 2674; x_wconf 90' lang='lat' dir='ltr'><strong>dum</strong></span> <span class='ocrx_word' id='word_1_126' title='bbox 898 2633 976 2692; x_wconf 84' lang='lat' dir='ltr'><strong>quac</strong></span> <span class='ocrx_word' id='word_1_127' title='bbox 994 2614 1164 2676; x_wconf 87' lang='lat' dir='ltr'><strong>subiective</strong></span> <span class='ocrx_word' id='word_1_128' title='bbox 1180 2624 1252 2675; x_wconf 87' lang='lat' dir='ltr'><strong>suut</strong></span> <span class='ocrx_word' id='word_1_129' title='bbox 1272 2637 1365 2676; x_wconf 89' lang='lat' dir='ltr'><strong>uuum</strong></span> 
     </span>
     <span class='ocr_line' id='line_1_19' title="bbox 223 2730 1365 2812; baseline 0.002 -22"><span class='ocrx_word' id='word_1_130' title='bbox 223 2739 314 2808; x_wconf 86' lang='lat' dir='ltr'><strong>atque</strong></span> <span class='ocrx_word' id='word_1_131' title='bbox 331 2730 422 2792; x_wconf 88' lang='lat' dir='ltr'><strong>simul</strong></span> <span class='ocrx_word' id='word_1_132' title='bbox 439 2733 478 2791; x_wconf 86' lang='lat' dir='ltr'><strong>ab</strong></span> <span class='ocrx_word' id='word_1_133' title='bbox 494 2730 564 2791; x_wconf 89' lang='lat' dir='ltr'><strong>aliis</strong></span> <span class='ocrx_word' id='word_1_134' title='bbox 584 2731 805 2793; x_wconf 88' lang='lat' dir='ltr'><strong>intentionibus</strong></span> <span class='ocrx_word' id='word_1_135' title='bbox 829 2751 884 2811; x_wconf 91' lang='lat' dir='ltr'><strong>per</strong></span> <span class='ocrx_word' id='word_1_136' title='bbox 901 2751 935 2793; x_wconf 87' lang='lat' dir='ltr'><strong>ee</strong></span> <span class='ocrx_word' id='word_1_137' title='bbox 959 2738 1050 2809; x_wconf 86' lang='lat' dir='ltr'><strong>atque</strong></span> <span class='ocrx_word' id='word_1_138' title='bbox 1068 2731 1197 2792; x_wconf 83' lang='lat' dir='ltr'><strong>seorsim</strong></span> <span class='ocrx_word' id='word_1_139' title='bbox 1214 2732 1365 2812; x_wconf 83' lang='lat' dir='ltr'><strong>accipiun-</strong></span> 
     </span>
     <span class='ocr_line' id='line_1_20' title="bbox 223 2847 1423 2926; baseline 0.002 -18"><span class='ocrx_word' id='word_1_140' title='bbox 223 2855 286 2924; x_wconf 88' lang='lat' dir='ltr'><strong>tur,</strong></span> <span class='ocrx_word' id='word_1_141' title='bbox 305 2870 323 2908; x_wconf 90' lang='lat' dir='ltr'><strong>a</strong></span> <span class='ocrx_word' id='word_1_142' title='bbox 340 2848 383 2907; x_wconf 88' lang='lat' dir='ltr'><strong>rei</strong></span> <span class='ocrx_word' id='word_1_143' title='bbox 411 2848 503 2926; x_wconf 88' lang='lat' dir='ltr'><strong>plane</strong></span> <span class='ocrx_word' id='word_1_144' title='bbox 530 2855 639 2907; x_wconf 88' lang='lat' dir='ltr'><strong>natura</strong></span> <span class='ocrx_word' id='word_1_145' title='bbox 664 2869 726 2908; x_wconf 88' lang='lat' dir='ltr'><strong>non</strong></span> <span class='ocrx_word' id='word_1_146' title='bbox 752 2847 916 2909; x_wconf 86' lang='lat' dir='ltr'><strong>receditur.</strong></span> <span class='ocrx_word' id='word_1_147' title='bbox 946 2847 1034 2910; x_wconf 86' lang='lat' dir='ltr'><strong>Licet</strong></span> <span class='ocrx_word' id='word_1_148' title='bbox 1062 2848 1143 2908; x_wconf 87' lang='lat' dir='ltr'><strong>euim</strong></span> <span class='ocrx_word' id='word_1_149' title='bbox 1170 2848 1365 2910; x_wconf 87' lang='lat' dir='ltr'><strong>considerare</strong></span> <span class='ocrx_word' id='word_1_150' title='bbox 1421 2886 1423 2892; x_wconf 93' lang='lat'><em>·</em></span> 
     </span>
     <span class='ocr_line' id='line_1_21' title="bbox 155 2963 1364 3044; baseline -0.003 -14"><span class='ocrx_word' id='word_1_151' title='bbox 155 2968 200 3030; x_wconf 73' lang='lat'><strong>20</strong></span> <span class='ocrx_word' id='word_1_152' title='bbox 222 2965 353 3026; x_wconf 84' lang='lat' dir='ltr'><strong>seorsim</strong></span> <span class='ocrx_word' id='word_1_153' title='bbox 374 2963 412 3024; x_wconf 88' lang='lat' dir='ltr'><strong>de</strong></span> <span class='ocrx_word' id='word_1_154' title='bbox 430 2965 532 3025; x_wconf 87' lang='lat' dir='ltr'><strong>colore</strong></span> <span class='ocrx_word' id='word_1_155' title='bbox 549 2983 653 3042; x_wconf 85' lang='lat' dir='ltr'><strong>rosae,</strong></span> <span class='ocrx_word' id='word_1_156' title='bbox 671 2966 900 3044; x_wconf 85' lang='lat' dir='ltr'><strong>praetermissis</strong></span> <span class='ocrx_word' id='word_1_157' title='bbox 919 2965 958 3027; x_wconf 89' lang='lat' dir='ltr'><strong>iis</strong></span> <span class='ocrx_word' id='word_1_158' title='bbox 976 2985 1053 3042; x_wconf 87' lang='lat' dir='ltr'><strong>quae</strong></span> <span class='ocrx_word' id='word_1_159' title='bbox 1075 2965 1115 3025; x_wconf 88' lang='lat' dir='ltr'><strong>ad</strong></span> <span class='ocrx_word' id='word_1_160' title='bbox 1137 2966 1203 3026; x_wconf 86' lang='lat' dir='ltr'><strong>ciue</strong></span> <span class='ocrx_word' id='word_1_161' title='bbox 1224 2973 1364 3027; x_wconf 85' lang='lat' dir='ltr'><strong>naturam</strong></span> 
     </span>
    </p>
   </div>
   <div class='ocr_carea' id='block_1_4' title="bbox 222 3085 1367 3166">
    <p class='ocr_par' dir='ltr' id='par_1_5' title="bbox 222 3085 1367 3166">
     <span class='ocr_line' id='line_1_22' title="bbox 222 3085 1367 3166; baseline -0.002 -19"><span class='ocrx_word' id='word_1_162' title='bbox 222 3098 253 3147; x_wconf 87' lang='lat' dir='ltr'><strong>et</strong></span> <span class='ocrx_word' id='word_1_163' title='bbox 270 3088 346 3148; x_wconf 86' lang='lat' dir='ltr'><strong>alias</strong></span> <span class='ocrx_word' id='word_1_164' title='bbox 368 3087 574 3166; x_wconf 85' lang='lat' dir='ltr'><strong>proprietates</strong></span> <span class='ocrx_word' id='word_1_165' title='bbox 597 3086 794 3166; x_wconf 84' lang='lat' dir='ltr'><strong>explicandas</strong></span> <span class='ocrx_word' id='word_1_166' title='bbox 816 3086 950 3163; x_wconf 84' lang='lat' dir='ltr'><strong>faciuut;</strong></span> <span class='ocrx_word' id='word_1_167' title='bbox 977 3086 1038 3146; x_wconf 89' lang='lat' dir='ltr'><strong>alia</strong></span> <span class='ocrx_word' id='word_1_168' title='bbox 1061 3086 1137 3148; x_wconf 87' lang='lat' dir='ltr'><strong>item</strong></span> <span class='ocrx_word' id='word_1_169' title='bbox 1166 3093 1214 3147; x_wconf 87' lang='lat' dir='ltr'><strong>est</strong></span> <span class='ocrx_word' id='word_1_170' title='bbox 1235 3085 1367 3146; x_wconf 83' lang='lat' dir='ltr'><strong>scientia</strong></span> 
     </span>
    </p>
   </div>
   <div class='ocr_carea' id='block_1_5' title="bbox 221 3189 1365 3282">
    <p class='ocr_par' dir='ltr' id='par_1_6' title="bbox 221 3189 1365 3282">
     <span class='ocr_line' id='line_1_23' title="bbox 221 3189 1365 3282; baseline 0.001 -19"><span class='ocrx_word' id='word_1_171' title='bbox 221 3224 298 3282; x_wconf 83' lang='lat' dir='ltr'><strong>quae</strong></span> <span class='ocrx_word' id='word_1_172' title='bbox 325 3201 499 3264; x_wconf 88' lang='lat' dir='ltr'><strong>considerat</strong></span> <span class='ocrx_word' id='word_1_173' title='bbox 525 3203 564 3264; x_wconf 91' lang='lat' dir='ltr'><strong>de</strong></span> <span class='ocrx_word' id='word_1_174' title='bbox 587 3189 672 3280; x_wconf 83' lang='lat' dir='ltr'><strong>visu,</strong></span> <span class='ocrx_word' id='word_1_175' title='bbox 695 3203 756 3263; x_wconf 84' lang='lat' dir='ltr'><strong>alia</strong></span> <span class='ocrx_word' id='word_1_176' title='bbox 779 3223 850 3263; x_wconf 87' lang='lat' dir='ltr'><strong>vero</strong></span> <span class='ocrx_word' id='word_1_177' title='bbox 873 3222 951 3280; x_wconf 90' lang='lat' dir='ltr'><strong>quae</strong></span> <span class='ocrx_word' id='word_1_178' title='bbox 976 3203 1014 3264; x_wconf 91' lang='lat' dir='ltr'><strong>de</strong></span> <span class='ocrx_word' id='word_1_179' title='bbox 1037 3204 1140 3282; x_wconf 86' lang='lat' dir='ltr'><strong>oculo,</strong></span> <span class='ocrx_word' id='word_1_180' title='bbox 1169 3223 1268 3280; x_wconf 92' lang='lat' dir='ltr'><strong>neque</strong></span> <span class='ocrx_word' id='word_1_181' title='bbox 1295 3202 1365 3264; x_wconf 90' lang='lat' dir='ltr'><strong>ideo</strong></span> 
     </span>
    </p>
   </div>
   <div class='ocr_carea' id='block_1_6' title="bbox 155 3322 1367 3757">
    <p class='ocr_par' dir='ltr' id='par_1_7' title="bbox 155 3322 1367 3757">
     <span class='ocr_line' id='line_1_24' title="bbox 220 3322 1367 3400; baseline 0.002 -18"><span class='ocrx_word' id='word_1_182' title='bbox 220 3323 302 3400; x_wconf 90' lang='lat' dir='ltr'><strong>quod</strong></span> <span class='ocrx_word' id='word_1_183' title='bbox 323 3332 393 3384; x_wconf 89' lang='lat' dir='ltr'><strong>sunt</strong></span> <span class='ocrx_word' id='word_1_184' title='bbox 415 3324 576 3384; x_wconf 88' lang='lat' dir='ltr'><strong>coniuncta</strong></span> <span class='ocrx_word' id='word_1_185' title='bbox 596 3322 762 3383; x_wconf 89' lang='lat' dir='ltr'><strong>secundum</strong></span> <span class='ocrx_word' id='word_1_186' title='bbox 788 3323 994 3400; x_wconf 87' lang='lat' dir='ltr'><strong>existentiam,</strong></span> <span class='ocrx_word' id='word_1_187' title='bbox 1019 3322 1135 3382; x_wconf 87' lang='lat' dir='ltr'><strong>debent</strong></span> <span class='ocrx_word' id='word_1_188' title='bbox 1152 3323 1243 3384; x_wconf 85' lang='lat' dir='ltr'><strong>etiarn</strong></span> <span class='ocrx_word' id='word_1_189' title='bbox 1263 3341 1367 3384; x_wconf 85' lang='lat' dir='ltr'><strong>socun-</strong></span> 
     </span>
     <span class='ocr_line' id='line_1_25' title="bbox 221 3440 1365 3520; baseline 0.002 -21"><span class='ocrx_word' id='word_1_190' title='bbox 221 3442 292 3502; x_wconf 85' lang='lat' dir='ltr'><strong>dum</strong></span> <span class='ocrx_word' id='word_1_191' title='bbox 309 3441 584 3503; x_wconf 85' lang='lat' dir='ltr'><strong>considerationem</strong></span> <span class='ocrx_word' id='word_1_192' title='bbox 600 3441 731 3519; x_wconf 83' lang='lat' dir='ltr'><strong>intelligi</strong></span> <span class='ocrx_word' id='word_1_193' title='bbox 757 3441 987 3520; x_wconf 81' lang='lat' dir='ltr'><strong>inseparabilia,</strong></span> <span class='ocrx_word' id='word_1_194' title='bbox 1008 3441 1096 3516; x_wconf 87' lang='lat' dir='ltr'><strong>quasi</strong></span> <span class='ocrx_word' id='word_1_195' title='bbox 1114 3440 1186 3502; x_wconf 90' lang='lat' dir='ltr'><strong>iude</strong></span> <span class='ocrx_word' id='word_1_196' title='bbox 1203 3461 1254 3501; x_wconf 86' lang='lat' dir='ltr'><strong>res</strong></span> <span class='ocrx_word' id='word_1_197' title='bbox 1273 3441 1365 3501; x_wconf 87' lang='lat' dir='ltr'><strong>aliter</strong></span> 
     </span>
     <span class='ocr_line' id='line_1_26' title="bbox 155 3558 1364 3637; baseline -0.006 -12"><span class='ocrx_word' id='word_1_198' title='bbox 155 3562 198 3628; x_wconf 77' lang='lat'><strong>25</strong></span> <span class='ocrx_word' id='word_1_199' title='bbox 218 3560 451 3622; x_wconf 88' lang='lat' dir='ltr'><strong>considerentur</strong></span> <span class='ocrx_word' id='word_1_200' title='bbox 468 3581 559 3636; x_wconf 89' lang='lat' dir='ltr'><strong>quam</strong></span> <span class='ocrx_word' id='word_1_201' title='bbox 574 3558 607 3619; x_wconf 91' lang='lat' dir='ltr'><strong>iu</strong></span> <span class='ocrx_word' id='word_1_202' title='bbox 620 3579 721 3620; x_wconf 88' lang='lat' dir='ltr'><strong>rerum</strong></span> <span class='ocrx_word' id='word_1_203' title='bbox 737 3580 771 3619; x_wconf 90' lang='lat' dir='ltr'><strong>se</strong></span> <span class='ocrx_word' id='word_1_204' title='bbox 785 3559 919 3618; x_wconf 86' lang='lat' dir='ltr'><strong>habeant</strong></span> <span class='ocrx_word' id='word_1_205' title='bbox 933 3566 1050 3618; x_wconf 85' lang='lat' dir='ltr'><strong>natura.</strong></span> <span class='ocrx_word' id='word_1_206' title='bbox 1067 3558 1160 3635; x_wconf 87' lang='lat' dir='ltr'><strong>Atqui</strong></span> <span class='ocrx_word' id='word_1_207' title='bbox 1178 3558 1364 3637; x_wconf 87' lang='lat' dir='ltr'><strong>ineptissimi</strong></span> 
     </span>
     <span class='ocr_line' id='line_1_27' title="bbox 224 3674 1362 3757; baseline 0.001 -23"><span class='ocrx_word' id='word_1_208' title='bbox 224 3679 345 3757; x_wconf 86' lang='lat' dir='ltr'><strong>pecoris</strong></span> <span class='ocrx_word' id='word_1_209' title='bbox 371 3685 419 3738; x_wconf 89' lang='lat' dir='ltr'><strong>est</strong></span> <span class='ocrx_word' id='word_1_210' title='bbox 442 3677 562 3737; x_wconf 84' lang='lat' dir='ltr'><strong>nescire</strong></span> <span class='ocrx_word' id='word_1_211' title='bbox 591 3676 781 3754; x_wconf 84' lang='lat' dir='ltr'><strong>distinguere</strong></span> <span class='ocrx_word' id='word_1_212' title='bbox 809 3675 889 3735; x_wconf 87' lang='lat' dir='ltr'><strong>iuter</strong></span> <span class='ocrx_word' id='word_1_213' title='bbox 910 3674 1105 3735; x_wconf 85' lang='lat' dir='ltr'><strong>considerare</strong></span> <span class='ocrx_word' id='word_1_214' title='bbox 1128 3674 1186 3735; x_wconf 90' lang='lat' dir='ltr'><strong>hoc</strong></span> <span class='ocrx_word' id='word_1_215' title='bbox 1209 3675 1275 3736; x_wconf 90' lang='lat' dir='ltr'><strong>siue</strong></span> <span class='ocrx_word' id='word_1_216' title='bbox 1291 3676 1362 3752; x_wconf 90' lang='lat' dir='ltr'><strong>hoc,</strong></span> 
     </span>
    </p>
   </div>
   <div class='ocr_carea' id='block_1_7' title="bbox 224 3793 1365 3986">
    <p class='ocr_par' dir='ltr' id='par_1_8' title="bbox 224 3793 1365 3986">
     <span class='ocr_line' id='line_1_28' title="bbox 224 3793 581 3855; baseline -0.003 -1"><span class='ocrx_word' id='word_1_217' title='bbox 224 3805 256 3855; x_wconf 86' lang='lat' dir='ltr'><strong>et</strong></span> <span class='ocrx_word' id='word_1_218' title='bbox 273 3795 330 3855; x_wconf 91' lang='lat' dir='ltr'><strong>hoo</strong></span> <span class='ocrx_word' id='word_1_219' title='bbox 347 3813 416 3854; x_wconf 84' lang='lat' dir='ltr'><strong>esse</strong></span> <span class='ocrx_word' id='word_1_220' title='bbox 430 3794 497 3854; x_wconf 84' lang='lat' dir='ltr'><strong>siue</strong></span> <span class='ocrx_word' id='word_1_221' title='bbox 514 3793 581 3854; x_wconf 92' lang='lat' dir='ltr'><strong>hoc.</strong></span> 
     </span>
     <span class='ocr_line' id='line_1_29' title="bbox 303 3907 1365 3986; baseline -0.001 -17"><span class='ocrx_word' id='word_1_222' title='bbox 303 3909 319 3954; x_wconf 77' lang='lat' dir='ltr'><strong>‘l</strong></span> <span class='ocrx_word' id='word_1_223' title='bbox 343 3912 388 3969; x_wconf 88' lang='grc'><strong>18.</strong></span> <span class='ocrx_word' id='word_1_224' title='bbox 411 3910 536 3968; x_wconf 86' lang='lat' dir='ltr'><strong>Linenm</strong></span> <span class='ocrx_word' id='word_1_225' title='bbox 555 3929 632 3986; x_wconf 86' lang='lat' dir='ltr'><strong>quae</strong></span> <span class='ocrx_word' id='word_1_226' title='bbox 650 3915 698 3969; x_wconf 89' lang='lat' dir='ltr'><strong>est</strong></span> <span class='ocrx_word' id='word_1_227' title='bbox 710 3908 859 3968; x_wconf 85' lang='lat' dir='ltr'><strong>terminus</strong></span> <span class='ocrx_word' id='word_1_228' title='bbox 872 3907 989 3967; x_wconf 82' lang='lat' dir='ltr'><strong>iudicat</strong></span> <span class='ocrx_word' id='word_1_229' title='bbox 1009 3907 1137 3967; x_wconf 67' lang='lat' dir='ltr'><strong>(luorum</strong></span> <span class='ocrx_word' id='word_1_230' title='bbox 1155 3907 1185 3966; x_wconf 92' lang='lat' dir='ltr'><strong>in</strong></span> <span class='ocrx_word' id='word_1_231' title='bbox 1204 3907 1294 3986; x_wconf 86' lang='lat' dir='ltr'><strong>plano</strong></span> <span class='ocrx_word' id='word_1_232' title='bbox 1317 3929 1365 3968; x_wconf 84' lang='lat' dir='ltr'><strong>co-</strong></span> 
     </span>
    </p>
   </div>
   <div class='ocr_carea' id='block_1_8' title="bbox 223 4025 1363 4104">
    <p class='ocr_par' dir='ltr' id='par_1_9' title="bbox 223 4025 1363 4104">
     <span class='ocr_line' id='line_1_30' title="bbox 223 4025 1363 4104; baseline -0.001 -17"><span class='ocrx_word' id='word_1_233' title='bbox 223 4029 320 4087; x_wconf 89' lang='lat' dir='ltr'><strong>lorum</strong></span> <span class='ocrx_word' id='word_1_234' title='bbox 342 4027 530 4104; x_wconf 86' lang='lat' dir='ltr'><strong>differentia,</strong></span> <span class='ocrx_word' id='word_1_235' title='bbox 553 4047 618 4085; x_wconf 86' lang='lat' dir='ltr'><strong>eam</strong></span> <span class='ocrx_word' id='word_1_236' title='bbox 644 4046 718 4086; x_wconf 89' lang='lat' dir='ltr'><strong>vero</strong></span> <span class='ocrx_word' id='word_1_237' title='bbox 744 4046 822 4102; x_wconf 83' lang='lat' dir='ltr'><strong>quae</strong></span> <span class='ocrx_word' id='word_1_238' title='bbox 845 4032 893 4085; x_wconf 86' lang='lat' dir='ltr'><strong>ost</strong></span> <span class='ocrx_word' id='word_1_239' title='bbox 917 4025 1072 4085; x_wconf 87' lang='lat' dir='ltr'><strong>minimum</strong></span> <span class='ocrx_word' id='word_1_240' title='bbox 1093 4025 1176 4085; x_wconf 89' lang='lat' dir='ltr'><strong>nullo</strong></span> <span class='ocrx_word' id='word_1_241' title='bbox 1201 4045 1363 4104; x_wconf 83' lang='lat' dir='ltr'><strong>possumus</strong></span> 
     </span>
    </p>
   </div>
   <div class='ocr_carea' id='block_1_9' title="bbox 154 4141 597 4224">
    <p class='ocr_par' dir='ltr' id='par_1_10' title="bbox 154 4141 597 4224">
     <span class='ocr_line' id='line_1_31' title="bbox 154 4141 597 4224; baseline 0 -22"><span class='ocrx_word' id='word_1_242' title='bbox 154 4141 198 4203; x_wconf 85' lang='lat'><strong>30</strong></span> <span class='ocrx_word' id='word_1_243' title='bbox 220 4165 311 4205; x_wconf 84' lang='lat' dir='ltr'><strong>sensu</strong></span> <span class='ocrx_word' id='word_1_244' title='bbox 329 4143 597 4224; x_wconf 86' lang='lat' dir='ltr'><strong>comprehendere.</strong></span> 
     </span>
    </p>
   </div>
   <div class='ocr_carea' id='block_1_10' title="bbox 354 4569 618 4622">
    <p class='ocr_par' dir='ltr' id='par_1_11' title="bbox 354 4569 618 4622">
     <span class='ocr_line' id='line_1_32' title="bbox 354 4569 618 4622; baseline 0.004 -13"><span class='ocrx_word' id='word_1_245' title='bbox 354 4569 428 4609; x_wconf 69' lang='lat' dir='ltr'><strong>unuin</strong></span> <span class='ocrx_word' id='word_1_246' title='bbox 443 4571 496 4622; x_wconf 71' lang='lat' dir='ltr'><strong>app.</strong></span> <span class='ocrx_word' id='word_1_247' title='bbox 512 4572 551 4609; x_wconf 77' lang='lat' dir='ltr'><strong>lut.</strong></span> <span class='ocrx_word' id='word_1_248' title='bbox 565 4571 587 4619; x_wconf 87' lang='lat' dir='ltr'><strong>l,</strong></span> <span class='ocrx_word' id='word_1_249' title='bbox 598 4573 618 4611; x_wconf 80' lang='lat'><strong>³.</strong></span> 
     </span>
    </p>
   </div>
   <div class='ocr_carea' id='block_1_11' title="bbox 0 0 1718 5138">
    <p class='ocr_par' dir='ltr' id='par_1_12' title="bbox 0 0 1718 5138">
     <span class='ocr_line' id='line_1_33' title="bbox 0 0 1718 5138; baseline 0 1"><span class='ocrx_word' id='word_1_250' title='bbox 0 0 1718 5138; x_wconf 95' lang='lat' dir='ltr'><strong> </strong></span> 
     </span>
    </p>
   </div>
  </div>
 </body>
</html>
