3428 5138
526 426 840 472 conrnnrnlrlonss
859 426 903 470 EX
924 427 1054 472 ulmeio,

222 579 427 665 Quicquam,
449 580 509 665 qui
527 603 670 647 numero
688 604 759 647 non
777 583 873 669 ipsus
891 590 1071 669 permanet
1090 582 1194 666 idem,

219 696 303 762 Plus
319 719 423 782 quam
441 696 614 782 materies,
635 720 723 782 quae
740 720 811 764 non
827 698 1010 785 absumpta
1029 697 1118 764 nihil
1137 699 1190 781 fit,
1322 727 1361 767 na

219 811 305 896 Aut,
325 820 364 878 ut
383 813 509 899 vulgus
528 813 592 898 ait,
612 814 789 900 peregrini
808 814 959 901 corporis
979 837 1052 880 esse

219 928 392 1016 Concipit,
412 934 449 993 at
468 935 605 995 tantum
624 929 771 1017 sparsim
789 930 940 996 resoluta
956 931 1098 1015 recedit,

175 1047 196 1110 ὃ
220 1046 269 1112 Ut
287 1045 426 1132 proprio
443 1054 635 1112 monstrare
652 1046 727 1112 loco
743 1046 896 1112 methodi
914 1047 1003 1112 ratio
1023 1054 1134 1133 urget.

219 1162 312 1248 Ergo
329 1169 368 1227 ut
388 1170 603 1250 compostum
622 1162 817 1229 substantia
837 1163 989 1250 corporis
1006 1186 1078 1229 esse

219 1280 267 1344 Te
283 1278 368 1344 facit
387 1279 543 1346 incertis
561 1280 715 1346 numeris
734 1280 935 1368 spectabile,
955 1303 1037 1346 sane
1151 1280 1157 1287 ’
1324 1308 1364 1346 mo

219 1394 299 1459 Non
317 1417 471 1480 unquam
489 1396 619 1483 poteris
638 1395 692 1462 bis
708 1395 815 1462 dicier
833 1419 925 1462 unus
940 1404 975 1461 et
994 1396 1095 1461 idem.

220 1510 318 1576 Adde
339 1512 430 1597 quod
449 1519 483 1578 et
501 1514 597 1579 velut
616 1513 654 1578 in
677 1513 779 1578 rebus
797 1535 868 1578 non
888 1512 1056 1600 comperit
1071 1518 1152 1577 actu

155 1618 197 1680 10
221 1627 433 1714 Simpliciter
452 1628 635 1695 minimum
654 1629 734 1716 plus
754 1651 857 1714 quam
876 1635 1001 1694 natura
1020 1628 1214 1709 resolvens3

219 1742 374 1809 Naturae
395 1744 567 1829 siquidem
586 1745 770 1810 minimum
789 1751 882 1810 certo
901 1745 938 1810 in
957 1767 1083 1831 genere
1104 1766 1195 1826 esse,

218 1859 298 1925 Non
317 1867 432 1926 autem
452 1861 654 1927 abstractim
674 1861 870 1943 minimum,
889 1860 1002 1947 logica
1022 1867 1127 1945 atque
1143 1858 1309 1926 mathesis
1325 1888 1365 1927 na

219 1977 363 2060 Edocet;
381 1977 415 2042 id
435 1977 465 2042 si
484 1978 546 2062 sic,
567 1978 668 2063 addo,
688 2002 799 2065 neque
817 1977 1007 2044 maximum
1026 1999 1183 2062 unquam

219 2092 432 2180 Simpliciter
450 2095 632 2182 quisquam
649 2095 778 2184 poterit
794 2095 907 2177 finire,
927 2118 991 2161 nec
1006 2095 1116 2161 ullum

153 2205 194 2268 le
219 2208 431 2295 Simpliciter
449 2212 602 2277 medium
621 2220 655 2278 et
674 2235 781 2298 aeque
799 2212 844 2277 ad
861 2219 1015 2278 extrema
1031 2212 1190 2292 relatum;

218 2326 308 2391 Nam
327 2327 460 2392 nullum
480 2350 559 2393 vere
578 2336 642 2413 est,
663 2328 692 2395 si
711 2351 730 2393 e
749 2328 857 2394 ternis
875 2348 946 2394 non
966 2328 1031 2393 siet
1044 2349 1165 2394 unum.

298 2558 422 2635 Figura,
440 2577 530 2635 quam
547 2559 578 2618 in
595 2560 724 2619 materia
740 2578 846 2621 veram
867 2578 928 2619 non
953 2578 1023 2621 osse
1050 2557 1235 2635 concedunt,
1254 2575 1361 2618 secun·
1438 2569 1448 2583 ·

218 2672 290 2733 dum
307 2674 434 2734 rationis
452 2674 648 2736 nihilominus
665 2695 798 2736 canones
817 2675 855 2736 ad
878 2675 1105 2737 exactissimum
1125 2694 1221 2752 usque
1247 2680 1359 2752 putant

218 2789 368 2867 invenire,
387 2809 608 2868 successusque
622 2792 740 2853 interea
757 2792 882 2853 eosdem
893 2791 1007 2870 duplici
1018 2790 1200 2851 infelicitate
1219 2788 1358 2850 laborare

150 2902 195 2965 ⁶20
217 2908 370 2968 convincit
377 2929 384 2984 ;
402 2929 459 2968 nos
476 2928 549 2970 vero
565 2909 636 2970 dum
656 2911 688 2968 in
711 2930 803 2989 opere
823 2928 922 2986 neque
941 2928 1087 2987 urgemus
1112 2906 1286 2987 quippiam,
1307 2925 1359 2966 ne·

217 3047 275 3103 que
292 3027 528 3106 praesumimus,
547 3026 666 3102 quando
686 3047 722 3087 ea
739 3027 799 3106 ipsi
818 3033 946 3087 naturae
974 3033 1005 3086 et
1032 3026 1241 3103 operationem
1267 3030 1360 3100 atque

219 3165 360 3207 numeros
386 3145 546 3223 sigillatim
573 3153 605 3205 et
635 3143 801 3205 secundum
826 3144 924 3223 ipsam
952 3143 1174 3204 communiores
1204 3141 1360 3221 raltiones
1383 3156 1425 3218 p.
1440 3142 1501 3205 71

217 3283 276 3323 non
289 3282 357 3323 esse
369 3262 555 3338 geometrice
569 3262 728 3339 regulares
740 3261 934 3340 agnoscimus
939 3281 946 3336 ;
959 3280 1019 3320 non
1037 3259 1116 3320 onim
1133 3277 1275 3336 usquam,
1294 3258 1360 3320 sive

1362 3346 1366 3369 Ι

218 3379 414 3456 particularia
448 3380 514 3441 sive
545 3382 666 3459 species
695 3378 726 3439 in
755 3388 864 3440 natura
894 3379 1100 3440 consistentes
1135 3377 1298 3457 inspicias,
1329 3377 1360 3436 in

151 3496 194 3559 25
217 3496 298 3557 idem
316 3518 334 3557 a
350 3517 408 3574 quo
427 3496 644 3558 exordiebatur
661 3498 816 3558 minimum
834 3499 954 3558 omnino
968 3496 1098 3558 desinet.
1118 3495 1264 3568 Quemvis
1281 3495 1361 3556 enim

219 3637 278 3676 una
295 3617 336 3677 sit
353 3617 534 3696 simpliciter
551 3616 665 3677 minimi
687 3614 882 3694 magnitudo,
903 3615 943 3674 ad
965 3616 1153 3693 singularum
1171 3623 1273 3676 tamen
1295 3633 1362 3695 spe-

219 3732 332 3792 ciemm
363 3732 501 3793 ordinem
526 3741 558 3793 et
586 3731 775 3809 singulorum
804 3731 836 3790 in
868 3731 1030 3809 speciebus
1058 3730 1287 3793 individuorum
1318 3731 1363 3791 ita

219 3850 305 3910 varia
322 3857 536 3929 supponuntur
554 3867 623 3910 esse
640 3847 774 3926 minima,
795 3845 1049 3924 quemadmodum
1067 3856 1099 3907 ot
1119 3847 1224 3908 variae
1242 3845 1363 3926 species

219 3964 433 4045 producendae
451 3965 664 4039 sublimantur,
684 3973 716 4025 et
733 3985 793 4026 una
810 3964 931 4046 species
952 3964 1080 4026 alterius
1098 3972 1147 4025 eet
1164 3962 1360 4043 principium,

152 4087 196 4149 30
219 4082 298 4143 sicut
314 4083 353 4141 ab
372 4081 547 4161 embryonis
563 4080 667 4160 specie
684 4082 751 4141 sine
768 4080 956 4144 resolutione
974 4080 1012 4141 ad
1031 4080 1172 4142 animalis
1188 4079 1362 4142 hominisve

219 4199 353 4277 speciem
372 4199 461 4258 datur
477 4217 628 4259 accessus.

820 4356 1266 4365 ...—-——.-—-———----..
1281 4356 1287 4361 -

314 4450 341 4499 l?
354 4452 430 4514 joran
443 4449 579 4514 Figuram
