3428 5138
558 413 697 458 [ORDANI
717 413 818 458 nuvul
840 414 885 458 DE
905 415 1040 475 MINlMO,
1063 414 1093 458 V.

673 808 825 875 OAPVT
858 809 979 874 XXII.

477 1006 510 1045 ilo
525 1007 613 1045 occultu
627 1006 754 1057 scriptura,
770 1006 864 1046 minimo
878 1011 901 1047 ct
916 1017 1023 1047 mensura
1038 1006 1175 1058 explicabili.

344 1263 479 1348 Exiguo
499 1282 699 1348 comprensa
719 1260 809 1326 oculi
828 1267 898 1326 stat
917 1260 1036 1348 persia
1054 1267 1170 1326 tractu

256 1380 377 1460 Linea;
397 1376 613 1465 perspicuam
632 1377 737 1442 solers
757 1375 854 1442 dabit
873 1377 964 1442 hanc
982 1377 1178 1443 adolescens

211 1494 232 1555 5
256 1492 475 1578 Praecipiens
494 1493 598 1557 rectis
619 1514 854 1579 comprensam
875 1493 1078 1578 aequalibus
1097 1514 1205 1578 usque

258 1610 313 1673 Ad
333 1608 471 1694 siguum
490 1608 613 1692 tonsis,
634 1630 701 1692 quo
720 1608 896 1693 integrum
915 1615 1017 1693 tanta
1034 1608 1213 1695 trigonum

256 1724 448 1790 Concludat
468 1724 561 1789 basis
582 1724 618 1788 in
640 1746 707 1808 qua
726 1746 834 1809 aequo
854 1723 1014 1789 distando
1033 1724 1158 1789 liturae

256 1842 427 1927 Exiguae,
448 1841 558 1906 maior
576 1841 669 1905 binis
688 1840 815 1905 vicibu’
835 1847 939 1925 atque
957 1841 1089 1905 vicenis

255 1958 358 2024 illam
379 1957 617 2045 comprendat,
636 1956 783 2022 totidem
802 1956 839 2020 in
857 1964 1043 2043 partesque
1062 1963 1262 2044 superstans

192 2069 235 2135 10
258 2073 405 2139 Finibus
424 2096 442 2138 e
462 2073 612 2160 propriis
632 2071 805 2137 discindat
823 2072 927 2137 turba
945 2079 1125 2138 tomorum.

261 2188 349 2254 Heic
368 2188 484 2255 radius
503 2188 583 2274 gyri
602 2194 654 2253 est
673 2186 812 2272 aequati
831 2195 926 2253 costa
944 2188 1090 2274 trigoni,

257 2305 321 2371 Cui
341 2306 586 2371 elementorum
605 2326 784 2369 numerum
805 2303 898 2368 basis
917 2304 1066 2391 explicat
1086 2326 1155 2370 una

257 2421 432 2504 Partibus;
453 2420 544 2486 unde
564 2425 693 2506 queant
712 2441 812 2484 voces
830 2442 892 2505 per
910 2420 986 2485 visa
1005 2421 1116 2485 teneri

256 2535 401 2601 Illorum
420 2536 457 2601 in
476 2535 613 2619 sericio,
632 2535 737 2599 series
755 2533 925 2619 graduale
944 2541 1116 2600 tomorum

193 2651 233 2714 15
257 2652 393 2717 Iudicat
412 2660 451 2717 ut
470 2651 587 2717 radius
606 2651 712 2716 variis
731 2674 795 2716 usu
815 2649 880 2715 siet
898 2651 1000 2716 idem.

257 2768 447 2855 Tarrgendo
465 2767 622 2855 apposite
642 2767 810 2853 quidquid
828 2768 1027 2833 recitaverit
1046 2792 1168 2854 uuum,

257 2885 422 2951 Oruribus
442 2885 589 2972 accipiet
608 2884 785 2970 tangentis
804 2884 924 2949 dextra
943 2884 1113 2971 gamadim

258 3002 352 3080 Quae
371 3025 489 3067 versus
510 3023 724 3086 quocumque
742 3009 860 3065 meant
879 3023 949 3065 non
967 3002 1126 3088 passibus
1145 3003 1279 3088 aequiS,

257 3120 306 3186 Ut
325 3141 436 3203 neque
456 3118 663 3183 continuant
682 3116 811 3181 directo
830 3117 971 3181 tramite
990 3140 1178 3201 nunquam.

191 3236 235 3299 20
257 3236 365 3300 Porro
384 3242 570 3322 conceptus
590 3240 707 3300 centro
727 3242 787 3298 aut
805 3241 969 3299 nascatur
989 3235 1032 3299 ab
1050 3257 1118 3300 uno

259 3352 460 3438 Comprensi
480 3351 602 3439 spacii,
624 3358 683 3415 aut
702 3374 763 3437 per
782 3358 913 3416 rectum
934 3352 1194 3436 continuentur,

259 3468 331 3532 Aut
351 3468 595 3551 cuiuscumque
614 3466 760 3531 formam
780 3467 944 3552 capiunto
965 3467 1125 3532 elementi

259 3584 504 3672 Compositive‚
525 3582 595 3648 suis
615 3582 696 3668 quia
716 3582 842 3647 finibus
862 3583 977 3647 omnia
997 3605 1102 3647 curvo

261 3701 327 3765 Seu
347 3700 492 3764 tendant
511 3698 617 3763 ductu
637 3720 696 3761 sou
716 3705 809 3762 recto
828 3721 886 3762 sou
907 3721 1042 3782 quoquo
1062 3700 1186 3784 mixto,

194 3825 237 3888 25
261 3815 454 3881 Dummodo
473 3815 526 3878 vis
547 3837 715 3899 nusqumn
735 3814 895 3878 turbetur
913 3815 1151 3899 significatrix.

264 3932 425 4009 Qualibet
443 3931 525 3994 haec
546 3931 653 4015 igitur
672 3940 876 4014 regeruntur
895 3938 999 4014 sorte,
1019 3931 1074 3995 vel
1095 3942 1132 3995 ut
1152 3932 1206 3998 vis

264 4046 415 4112 Confusa
435 4053 559 4110 cocunt
577 4046 680 4110 turba
698 4046 798 4111 modo
818 4054 949 4111 tractus
969 4047 1119 4129 alauda
1377 4077 1404 4115 aa

272 4192 579 4200 ..———.-.—————-—
605 4194 932 4201 —·-—-—...-...-.------
959 4194 1028 4199 ·—·-
1046 4195 1064 4199 —
1088 4194 1102 4199 -
1125 4194 1405 4203 ———---------.·

355 4255 500 4320 leupilolo
516 4256 585 4305 «Iuro
603 4257 639 4306 ad
657 4256 804 4315 iulerulere,
823 4257 934 4321 difficile
952 4258 989 4306 al
1007 4258 1208 4321 iulerpuupere,
1227 4259 1259 4307 cd
1275 4259 1403 4308 crimun-

263 4343 344 4387 mentc
359 4338 414 4386 raiol
429 4343 541 4386 corr-ello
558 4337 726 4388 ‹lall'autore
743 4338 893 4398 rueslcsimo,
912 4338 957 4387 circ
977 4339 1001 4387 ci
1019 4341 1055 4387 lm
1072 4341 1183 4388 luscinio
1203 4340 1272 4389 cersi
1283 4340 1357 4404 ¹saliri
1374 4343 1403 4393 in

263 4434 371 4469 urtrrrero
383 4417 517 4483 crappiorc
528 4417 570 4467 del
581 4417 657 4468 sollio
723 4422 752 4468 18
770 4436 853 4471 vorsu
861 4422 941 4484 soe-w
955 4426 1135 4471 nascautur!
