3428 5138
634 445 678 488 nn
698 444 810 488 urrini
832 443 1039 488 remerteria.
1349 428 1404 487 137

341 608 358 656 ‘t
376 603 424 661 49.
446 600 560 659 Sensus
575 606 623 659 est
637 598 742 659 oculus
759 598 791 657 in
808 615 930 658 carcere
944 598 1151 672 tenebrarum,
1169 617 1270 656 rerum
1285 597 1404 658 colores

261 724 293 776 et
309 716 502 795 superficiem
520 714 616 775 veluti
636 735 692 793 per
709 712 863 774 cancellos
885 722 917 774 et
933 712 1082 774 foramina
1096 713 1296 792 prospiciens.
1311 714 1403 773 Ratio

261 842 414 909 tamquam
439 851 494 911 per
515 831 683 891 fenestram
706 831 809 890 lumen
828 850 846 889 a
870 831 935 890 sole
958 829 1103 889 derivans
1130 829 1220 889 etad
1242 829 1340 890 solem
1360 849 1405 889 re-

262 968 450 1028 percussum,
465 946 718 1024 quemadmodum
731 945 763 1005 in
779 966 906 1025 corpore
917 947 1008 1006 lunae
1023 945 1207 1025 speculatur.
1221 944 1405 1006 Intellectus

217 1056 239 1121 5
263 1066 294 1124 iu
314 1071 422 1144 aperto
438 1072 469 1124 et
489 1063 577 1140 quasi
599 1084 637 1122 ex
658 1063 721 1123 alta
742 1062 868 1142 specula
891 1061 1022 1138 undique
1046 1061 1152 1122 oculus
1171 1082 1265 1140 snper
1286 1082 1405 1123 omnem

263 1179 552 1259 particularitatem,
579 1177 700 1238 turbam
722 1185 754 1238 et
775 1176 984 1238 confusionem
1011 1177 1041 1236 in
1063 1176 1222 1254 universe,
1247 1185 1279 1236 et
1300 1176 1404 1237 distin·

261 1296 362 1355 ctione
380 1294 550 1374 specierum
568 1294 667 1373 ipsum
685 1291 930 1371 praefulgentem
945 1293 1042 1354 solem
1061 1293 1290 1372 contemplatur.

340 1422 358 1469 ‘t
376 1412 423 1471 76.
445 1408 537 1470 Ratio
559 1428 594 1470 se
609 1409 701 1468 facile
716 1408 747 1467 in
766 1417 898 1468 mentem
918 1407 1089 1485 attolleret,
1112 1408 1172 1469 nisi
1193 1408 1345 1469 veriorum
1363 1407 1406 1469 af·

263 1526 396 1587 lectuum
416 1526 448 1585 in
470 1544 582 1585 oceano
610 1524 760 1585 fluctuans
781 1524 1018 1600 distraheretur;
1050 1524 1171 1602 quando
1199 1531 1308 1584 natura
1328 1544 1408 1584 com·

198 1636 240 1700 10
262 1648 401 1722 paratum
419 1648 481 1718 est,
499 1649 534 1700 ut
549 1639 682 1700 diversis
703 1639 821 1699 animae
841 1638 1041 1699 facultatibus
1058 1638 1097 1698 ad
1114 1639 1244 1700 totidem
1262 1659 1356 1718 opera
1373 1649 1405 1700 et

264 1758 394 1819 effectus
415 1758 510 1818 variis
532 1755 763 1834 operationibus
781 1763 812 1815 et
828 1756 949 1816 actibus
969 1755 1148 1831 accingatur
1166 1763 1198 1815 et
1214 1755 1404 1833 expediatur.

262 1875 376 1951 Magna
396 1873 547 1950 siquidem
567 1886 660 1948 atque
681 1873 758 1932 mira
778 1872 930 1934 varietate
956 1872 1087 1933 conflata
1113 1872 1288 1951 respublica
1314 1873 1404 1933 horno

263 1999 323 2068 est,
342 1991 372 2050 in
390 2011 449 2067 qua
466 1998 514 2050 tot
534 1997 632 2067 artes,
649 1997 762 2067 statue,
781 1989 986 2066 conditiones,
1005 1989 1131 2066 gradus,
1157 1988 1291 2065 ordines,
1316 1986 1406 2047 offici·

261 2125 333 2183 nae,
352 2106 567 2183 instrumenta,
584 2105 775 2184 magisteria,
791 2105 975 2180 ministeria;
989 2114 1080 2183 atque
1097 2105 1167 2166 ideo
1183 2125 1243 2164 nen
1256 2105 1317 2166 nisi
1330 2103 1406 2163 fina-

197 2226 239 2288 15
262 2224 333 2283 liter
352 2223 435 2301 potis
459 2232 507 2284 est
534 2231 600 2283 tota
625 2223 656 2282 in
683 2243 776 2283 uuum
803 2221 1013 2284 tantummode
1039 2223 1190 2283 obiectum
1220 2222 1402 2298 collineare,

262 2338 353 2415 idque
378 2338 600 2417 dignissimum.
623 2339 712 2411 Quod
735 2337 868 2399 efficitur
887 2339 1008 2416 quoties
1029 2338 1220 2401 intellectiva
1241 2338 1403 2419 vollentes
1429 2353 1469 2414 p.
1488 2338 1521 2400 8

261 2458 356 2516 totius
373 2458 565 2517 substantiae
585 2456 772 2517 moderatrix
787 2458 902 2536 optimo
916 2457 1067 2537 principio
1082 2457 1252 2535 copulatur.
1266 2457 1405 2532 Indeque

261 2575 389 2653 perinde
406 2576 501 2636 totius
518 2576 668 2655 perfectio
687 2585 777 2651 atque
795 2575 940 2635 nobilitas
958 2576 1167 2652 consequitur,
1183 2583 1274 2651 atque
1293 2594 1404 2653 corpus

262 2690 395 2752 civitatis
414 2712 482 2752 cum
504 2693 651 2772 principis
672 2693 831 2754 volunt-ate
851 2712 973 2752 suarum
990 2711 1045 2771 pro
1063 2693 1196 2772 partium
1215 2692 1404 2771 proprietate

194 2808 239 2872 ‘20
261 2826 456 2880 concurrens,
469 2809 561 2869 ctiam
573 2811 599 2870 si
610 2809 686 2868 nihil
698 2808 790 2871 altius
802 2816 833 2869 ct
845 2809 980 2870 exterius
999 2808 1152 2885 intendat,
1172 2809 1202 2868 in
1214 2809 1351 2871 eiusdem
1363 2809 1405 2868 in-

260 2924 411 3001 telligitur
424 2944 493 2985 esse
504 2927 616 3003 gratia,
630 2926 667 2985 tle
681 2925 766 2986 cuius
776 2925 892 3003 gaudet
903 2945 1006 2986 amere
1017 2935 1109 3001 etque
1121 2924 1228 2986 levore
1246 2926 1400 3006 princeps.

341 3043 422 3102 598.
444 3042 493 3101 Ad
516 3051 632 3102 certum
655 3042 813 3102 solicitatis
835 3063 932 3120 genus
954 3063 1015 3102 non
1037 3042 1185 3103 debemus
1207 3062 1317 3121 sapere
1334 3043 1404 3122 plns

259 3178 349 3234 quam
371 3165 507 3236 oportet,
526 3157 565 3217 ad
584 3157 784 3218 foelicitatem
805 3178 878 3218 vero
898 3158 1092 3237 simpliciter,
1115 3178 1184 3218 cum
1201 3158 1281 3218 scire
1303 3159 1344 3218 sit
1365 3159 1404 3218 dc

260 3293 373 3349 genere
396 3275 554 3351 benorum,
573 3294 633 3332 uon
656 3275 727 3354 plus
744 3277 826 3336 actui
840 3274 934 3334 debet
953 3293 1023 3335 esse
1047 3274 1257 3354 praescriptus
1280 3274 1404 3352 medus,

193 3397 237 3459 ‘25
259 3410 348 3466 quarn
366 3412 384 3450 a
400 3398 509 3449 natura
524 3401 615 3467 atque
633 3391 699 3450 Deo
718 3391 926 3470 praescriptus
948 3400 997 3451 est
1018 3391 1046 3450 ei
1070 3393 1175 3470 (quam
1194 3391 1309 3451 nullam
1327 3392 1405 3452 frus·

261 3520 309 3569 tra
326 3509 423 3569 voluit
443 3512 525 3586 esse)
542 3509 706 3587 potentiae.

341 3627 442 3684 1122.
466 3624 524 3696 Qui
552 3625 762 3704 philosophari
789 3626 988 3703 concupiscit,
1017 3625 1056 3684 de
1087 3627 1227 3687 omnibus
1255 3626 1404 3705 principio

261 3742 416 3812 dubitans,
435 3762 494 3801 uon
511 3743 596 3821 prius
618 3742 771 3803 deuitare
789 3741 1039 3803 contradictionis
1054 3758 1141 3821 parte
1157 3742 1295 3821 deliniat,
1315 3764 1403 3821 cluam

260 3859 445 3919 altercantes
468 3859 611 3936 audierit,
634 3868 665 3918 et
686 3859 856 3919 rationibus
877 3859 955 3919 bene
978 3859 1151 3939 perspectis
1171 3872 1264 3937 atque
1282 3861 1405 3922 collatis

194 3976 238 4038 30
260 3995 319 4035 uon
337 3997 374 4036 ex
391 3975 509 4052 auditu,
530 3975 623 4051 fama,
642 3975 848 4050 multitudino,
866 3974 1089 4052 longaevitate,
1109 3977 1209 4037 titulis
1230 3989 1261 4038 et
1279 3988 1402 4055 orrratu,

261 4092 317 4151 sel
336 4091 561 4152 <inconstantis
583 4092 640 4151 sibi
669 4104 759 4167 atque
782 4092 873 4151 rebus
895 4091 1051 4151 doctrinae
1074 4092 1192 4169 rigore,
1213 4094 1269 4154 scd
1293 4093 1332 4153 de
1356 4115 1402 4153 re·

260 4207 352 4268 tionis
370 4209 482 4268 lumine
500 4208 631 4268 veritate
649 4207 786 4286 inspic-ua
803 4207 917 4267 iudicet
934 4218 966 4269 et
983 4208 1117 4269 deliniat.

353 4445 385 4489 22
399 4458 411 4483 o·
424 4446 455 4489 'Li
471 4440 638 4491 t'eoliettatis
652 4460 665 4483 r
678 4440 865 4491 foelicitatem

396 4553 468 4593 ituras
484 4562 537 4601 cipp.
552 4554 590 4589 tri.
604 4552 626 4593 1.
637 4555 657 4590 3.
