3428 5138
278 393 281 396 ⁴
346 395 386 459 88
784 411 924 458 reamur
946 409 1048 457 sarm

344 610 485 677 ponam,
509 594 550 653 ut
571 587 634 654 ubi
651 609 721 654 une
739 586 870 674 pariter
889 584 1071 671 dividitur,
1096 584 1206 650 altera
1229 580 1407 649 dividatur
1427 581 1488 647 im-

343 714 495 803 pariter?
506 713 567 779 Fit
582 719 622 779 ut
633 713 671 779 in
685 712 818 780 duobus
829 701 1015 799 triangulis
1028 709 1227 798 compositis
1239 709 1277 775 in
1296 709 1354 797 G,
1365 731 1489 796 nempe

344 839 520 926 triangulo
553 837 644 904 ABG
668 843 703 904 et
726 837 902 925 triangulo
934 836 1046 922 ABD,
1076 836 1214 922 quando
1242 859 1263 902 a
1293 842 1423 923 puncto
1456 834 1487 899 D

342 976 438 1035 recta
448 967 512 1035 OA
528 967 720 1034 bissecatur
728 990 790 1056 per
805 971 936 1033 rectam
951 965 1024 1052 DS,
1045 971 1139 1032 recta
1154 964 1215 1030 AO
1229 965 1422 1032 trisecatur.
1434 963 1490 1029 Ex

303 1100 416 1182 lique
443 1092 718 1161 consideratione
747 1092 857 1159 multa
886 1089 1063 1158 commoda
1094 1098 1366 1178 consequuntur,
1402 1089 1486 1155 visis

344 1218 450 1286 etiam
463 1217 675 1312 ,differentiis
694 1218 842 1284 aliarum
860 1217 1078 1304 obliquarum
1097 1216 1269 1284 linearum
1288 1217 1488 1283 intersecta-

344 1370 422 1414 rum
444 1353 480 1414 et
503 1345 802 1432 intersecantium,
825 1351 866 1411 ut
894 1345 932 1411 in
963 1344 1024 1411 AT
1049 1343 1243 1411 bisseeante
1271 1344 1400 1413 lineam
1429 1344 1488 1412 00

345 1472 516 1560 quomodo
540 1478 673 1538 secetur
696 1494 716 1537 a
738 1470 831 1537 linea
855 1469 922 1536 DS.
947 1471 1005 1536 20.
1028 1471 1078 1538 Ut
1107 1470 1236 1537 lineam
1260 1492 1338 1537 eum
1368 1472 1488 1559 Pappo

348 1597 537 1665 trisecabo?
557 1595 812 1664 Considerando
832 1602 961 1663 rectam
980 1618 1000 1662 a
1020 1603 1138 1663 centro
1156 1596 1326 1684 trianguli
1341 1596 1490 1682 aequila-

282 1728 324 1792 10
345 1725 425 1809 teri,
445 1730 485 1791 ut
509 1724 547 1790 in
563 1725 602 1812 3)
621 1723 712 1789 Ano
736 1728 866 1789 rectam
889 1723 952 1808 IB,
977 1744 1050 1789 esse
1074 1722 1214 1789 tertiam
1236 1723 1391 1810 paritem
1415 1746 1489 1810 per·
1513 1731 1537 1781 0
1555 1718 1607 1781 8r

345 1849 578 1941 pandiculeris
606 1873 626 1917 a
649 1850 779 1917 vertice
802 1871 890 1935 quae
913 1856 965 1915 est
988 1849 1052 1914 AB
1074 1872 1136 1937 per
1167 1876 1188 1916 a
1215 1849 1253 1914 in
1280 1849 1393 1916 basim
1415 1849 1489 1916 FD.

346 1980 399 2044 21.
432 1975 612 2056 Quomodo
635 1974 718 2042 data
740 1981 834 2042 recta
857 1974 1043 2060 secabitur,
1067 1982 1107 2041 ut
1135 1945 1382 2063 rectangulum'
1398 1997 1489 2042 com·

346 2103 554 2194 prehensum
582 2101 646 2169 sub
676 2107 751 2168 tota
781 2106 816 2168 et
845 2100 953 2168 altero
985 2108 1241 2188 segmentorum
1268 2102 1411 2188 aequale
1444 2101 1491 2168 sit

347 2227 516 2318 quadrato
543 2250 563 2294 a
586 2226 719 2314 reliquo
743 2226 946 2314 segmento?
976 2226 1014 2292 Si
1036 2231 1076 2293 ut
1104 2226 1142 2291 in
1177 2235 1211 2304 ἡ
1239 2249 1281 2293 ex
1304 2233 1398 2294 recta
1430 2227 1490 2292 ΕΒ

282 2360 324 2426 15
347 2358 409 2424 fiat
427 2354 635 2442 quadratum
658 2353 786 2440 EGLI,
811 2360 846 2420 et
869 2360 1038 2442 punctum
1061 2355 1091 2420 L
1114 2353 1152 2420 in
1174 2361 1343 2442 punctum
1366 2354 1490 2422 bisecti

348 2484 467 2553 lateris
486 2482 639 2572 oppositi
652 2483 681 2570 f
694 2481 793 2566 fluat,
814 2489 849 2548 et
873 2481 1026 2567 aequalis
1044 2481 1112 2570 ipsi
1136 2481 1190 2570 Lf
1205 2482 1416 2572 producatur
1435 2485 1489 2572 fc,

350 2621 384 2680 et
407 2613 438 2680 ei
462 2611 555 2700 parti
579 2633 647 2698 qua
662 2611 703 2697 fe
732 2616 914 2698 superatur
942 2609 1093 2696 aequalis
1121 2611 1279 2698 capiatur
1307 2634 1409 2699 super
1432 2612 1490 2695 eL,

348 2739 429 2806 inde
448 2736 656 2825 quadratum
675 2742 710 2801 et
728 2735 970 2822 reetangulum
985 2735 1179 2822 quaesitum
1203 2735 1351 2802 dabitur.
1371 2738 1425 2802 22.
1441 2738 1492 2805 Ut

349 2866 430 2934 data
446 2872 540 2933 recta
556 2870 709 2930 extrema
725 2869 760 2929 et
779 2861 892 2928 media
908 2861 1043 2928 ratione
1059 2868 1152 2928 secta
1170 2862 1329 2929 dabitur?
1347 2862 1385 2928 Si
1401 2863 1492 2930 latus

282 2997 327 3064 20
349 2992 522 3082 hexagoni
542 2999 576 3058 et
592 2992 683 3058 latus
699 2989 867 3077 decagoni
886 2988 997 3055 eidem
1013 2989 1141 3058 circulo
1159 2989 1406 3078 inscriptorum
1421 2992 1439 3057 I
1455 2992 1494 3058 in

348 3121 441 3187 latus
464 3141 573 3185 unum
604 3123 865 3205 componantur.
895 3116 984 3183 Item
1022 3117 1051 3182 si
1074 3118 1265 3205 pentagoni
1288 3119 1493 3205 aequilateri

349 3251 384 3313 et
407 3243 630 3333 aequianguli
646 3242 731 3309 duos
750 3242 812 3329 qui
830 3241 990 3330 deinceps
1010 3250 1202 3329 sequuntur
1216 3243 1362 3331 angulos
1379 3251 1494 3312 rectae

350 3369 575 3455 subtendent,
594 3375 636 3436 ut
654 3366 747 3434 infra
770 3366 832 3433 ubi
862 3366 903 3432 de
922 3367 1042 3454 figura.
1062 3369 1115 3434 23.
1135 3369 1185 3436 Ut
1203 3368 1241 3435 in
1264 3369 1366 3436 sectis
1385 3376 1495 3436 extre·

350 3517 406 3561 ma
422 3503 457 3562 et
475 3495 587 3563 media
602 3493 738 3561 ratione
751 3492 953 3560 continuum
967 3515 1188 3581 progressum
1203 3493 1351 3561 faciam?
1368 3493 1406 3560 Si
1424 3493 1493 3561 iam

283 3626 326 3692 25
350 3628 463 3688 sectae
490 3620 555 3688 hoc
573 3626 677 3708 pacto
705 3619 869 3685 adiuncta
892 3619 938 3685 sit
961 3620 1070 3687 altera
1094 3627 1272 3708 segmento
1296 3620 1417 3687 maiori
1440 3643 1493 3687 ae

351 3747 472 3833 qualis.
489 3746 542 3811 24.
561 3747 612 3814 Ut
630 3745 778 3811 mediam
797 3745 1091 3833 proportionalem
1110 3747 1307 3813 inveniam?
1326 3747 1376 3815 Ut
1394 3746 1432 3812 in
1450 3747 1494 3836 Θ

354 3872 446 3938 inter
470 3869 530 3937 LO
558 3869 620 3937 OB
647 3870 827 3937 invenitur
857 3870 929 3956 00,
962 3894 1039 3938 cum
1070 3881 1188 3941 contro
1219 3873 1333 3961 posito
1361 3879 1491 3961 puncto

352 3997 503 4064 bisoctae
527 3997 736 4084 compositae
755 3996 847 4062 LOB
867 3997 958 4083 quod
977 4005 1029 4064 est
1053 4000 1099 4085 A,
1124 4007 1159 4065 et
1183 3999 1441 4066 circumfluente
1463 3999 1494 4065 B

353 4132 502 4212 puncto;
519 4123 603 4190 haec
619 4124 747 4189 etenim
764 4130 816 4189 est
831 4132 952 4190 notata
963 4149 1025 4213 per
1044 4127 1193 4194 mediam
1205 4128 1297 4194 inter
1310 4127 1496 4195 maximam

287 4249 332 4314 30
353 4255 388 4315 ot
405 4249 598 4331 minimam,
618 4270 705 4334 quae
724 4271 744 4314 a
762 4255 892 4335 puncto
912 4250 940 4315 Ο
960 4257 1057 4316 extra
1077 4258 1233 4318 centrum
1252 4252 1373 4319 circuli
1388 4253 1426 4318 in
1440 4274 1498 4339 pe

446 4393 530 4444 4AG
595 4364 1126 4456 lsorchTbissdAED——loABG
1188 4394 1360 4462 fflexagoni
1439 4367 1445 4371 ‚
