3428 5138
520 457 674 504 ARTIcvm
696 459 867 504 ADVERSVS
887 458 1155 507 Marnnnarmos
1373 451 1411 512 65

265 633 432 701 circulum
444 633 547 700 toties
558 630 768 716 deducend0,
786 629 1008 718 quoadusque
1023 630 1067 697 ad
1082 630 1228 698 eundem
1240 641 1409 722 punctum

264 761 328 828 sub
358 760 508 848 vestigio
540 760 602 826 fiat
636 780 807 844 recursus,
841 756 990 844 indeque
1022 757 1236 826 considerato
1267 783 1409 831 numero

265 892 339 951 tum
358 885 512 974 partium
532 891 800 973 resumptarum,
817 889 892 950 tum
911 891 1174 972 peragratorum
1193 884 1409 955 circulorum.

264 1011 344 1078 Fiet
362 1011 456 1078 enim
474 1010 628 1096 tandem,
642 1017 690 1096 ut,
703 1009 779 1076 viso
796 1008 856 1094 qui
872 1031 1034 1075 numerus
1048 1009 1196 1097 singulis
1209 1012 1410 1100 (partitione

220 1135 369 1220 infacta)
400 1137 602 1222 conveniat,
637 1137 812 1202 intentum
848 1143 883 1202 te
919 1135 1037 1202 videas
1074 1144 1277 1205 assecutum.
1307 1138 1410 1229 Capit

264 1262 357 1328 enim
386 1269 604 1330 mensuratcr
631 1267 671 1329 ut
701 1272 827 1346 unum,
856 1283 975 1327 arcum
999 1268 1053 1329 tot
1076 1262 1234 1348 aequales
1263 1265 1408 1333 circulos

265 1388 517 1473 continentem,
549 1387 675 1475 quibus
712 1386 848 1474 aequali
882 1386 1129 1454 distributione
1161 1388 1255 1456 facta
1291 1392 1406 1478 portio

264 1513 367 1580 unius
390 1515 547 1604 apprime
566 1514 801 1580 demonstrata
821 1520 881 1579 est.
906 1512 982 1579 Hoc
1009 1513 1123 1601 ipsum
1141 1514 1339 1582 mechanico
1357 1541 1408 1584 as-

263 1644 401 1727 sumpta
424 1639 603 1706 nominata
621 1660 701 1726 pars
720 1644 824 1723 atque
853 1636 1000 1704 deducta
1019 1637 1057 1703 in
1080 1660 1149 1705 uno
1178 1641 1406 1709 confirmabit.

199 1765 241 1828 10
264 1765 338 1830 157.
357 1765 406 1832 Ut
425 1764 516 1832 idem
534 1763 660 1831 faciam
678 1787 741 1851 per
759 1771 894 1852 partem
914 1763 1055 1830 circuli?
1076 1764 1114 1830 Si
1132 1764 1264 1832 divisus
1280 1767 1408 1835 intelli·

262 1892 382 1978 geltur
400 1891 456 1956 val
474 1889 512 1956 in
530 1889 631 1975 duas,
653 1889 709 1957 vel
732 1897 815 1976 tres,
835 1889 890 1956 vel
911 1896 1074 1976 quatuor,
1092 1891 1146 1958 vel
1162 1891 1331 1978 quinqua,
1348 1896 1404 1961 vel
1427 1895 1516 1960 ἴθ’

262 2036 322 2081 sex
350 2021 481 2103 partes,
514 2013 741 2099 semicircu10,
776 2015 930 2103 trigono,
961 2021 1158 2102 tetragono,
1192 2025 1403 2106 pentagono,

260 2138 455 2227 hexagono;
475 2139 690 2208 considerato
715 2140 819 2227 quod,
840 2140 870 2206 si
893 2147 945 2207 est
964 2140 1096 2207 decima
1115 2143 1336 2230 semicirculi,
1354 2154 1406 2212 est

261 2265 429 2351 vigesima
447 2266 568 2352 totius,
585 2265 615 2332 si
633 2266 779 2352 trigoni,
795 2264 990 2353 trigesima,
1007 2267 1037 2332 si
1051 2269 1241 2356 tetragoni,
1262 2271 1406 2356 quadra-

198 2391 239 2456 15
260 2391 404 2477 gesima,
429 2390 536 2457 etita
561 2390 602 2456 de
625 2390 713 2457 aliis.
733 2391 763 2456 Ε
787 2391 913 2477 quibus
937 2392 1097 2460 omnibus
1117 2398 1169 2477 (ut
1197 2395 1329 2462 dictum
1352 2406 1404 2464 est

260 2517 298 2582 in
310 2516 556 2604 superioribus)
571 2538 669 2582 arcus
679 2516 852 2603 hexagoni
865 2522 1000 2606 (nempe
1017 2518 1089 2584 eius
1107 2521 1277 2607 segmenti
1296 2522 1405 2589 circu·

259 2641 302 2727 li,
326 2640 418 2726 quod
441 2642 658 2727 triangulum
683 2641 932 2728 aequilaterum
956 2650 990 2709 et
1014 2644 1304 2732 aequiangulum,
1328 2654 1404 2714 tum

260 2765 477 2854 sphaericum
495 2774 570 2832 tum
589 2766 824 2851 rectilineum,
844 2768 1078 2856 amplectitur)
1097 2792 1257 2837 mensura
1281 2780 1332 2838 est
1350 2795 1405 2839 ve-

260 2891 405 2958 rissima.
435 2890 474 2957 Si
501 2914 582 2979 ergo
606 2891 779 2978 hexagoni
810 2915 909 2959 arcus
933 2901 998 2979 est,
1019 2894 1088 2960 iam
1111 2901 1163 2961 cst
1181 2895 1345 2983 inspecta.
1366 2897 1404 2964 Si

193 3024 238 3089 20
260 3017 369 3083 maior
394 3038 496 3102 quam
519 3016 706 3104 hexagoni,
740 3041 804 3085 nec
827 3018 968 3084 definita
990 3020 1166 3105 tetragoni
1189 3020 1246 3086 vel
1272 3021 1404 3109 trigoni

258 3143 313 3208 vol
336 3141 425 3207 alius
449 3147 561 3207 certae
589 3142 854 3228 magnitudinis,
879 3144 1097 3231 appositione
1120 3166 1219 3211 arcus
1246 3168 1403 3213 excessus

259 3290 319 3333 scu
341 3266 463 3354 anguli
486 3289 641 3333 excessus
665 3267 758 3334 ultra
781 3291 977 3335 mensuram
1005 3291 1109 3357 supra
1140 3269 1215 3357 ipsa
1242 3293 1403 3337 mensura

259 3392 495 3478 investigabis.
516 3392 676 3478 Angulus
701 3393 793 3458 enim
814 3394 853 3481 D
875 3393 955 3479 Boc,
975 3392 1057 3460 licet
1075 3395 1121 3461 sit
1145 3395 1255 3461 maior
1273 3398 1403 3483 angulo

257 3518 356 3602 BaA,
376 3517 572 3584 differentia
596 3524 713 3584 tamen
736 3540 836 3584 arcus
859 3518 915 3585 vel
944 3525 1058 3585 rectae
1081 3519 1143 3605 Ae,
1161 3521 1276 3607 posita
1300 3544 1403 3609 super

190 3649 235 3714 25
258 3665 340 3710 arcu
358 3645 413 3710 vel
433 3650 527 3710 recta
546 3642 609 3708 AB
627 3643 682 3710 vel
703 3643 779 3727 AF,
797 3643 1014 3731 propositum
1037 3644 1220 3729 indicabit;
1241 3645 1290 3712 sic
1309 3647 1403 3712 enim

258 3769 379 3856 anguli
397 3768 537 3835 maioris
557 3768 727 3835 rationem
755 3769 952 3854 quaerimus
986 3793 1075 3856 eam,
1106 3792 1173 3856 qua
1201 3771 1311 3837 maior
1340 3779 1401 3838 cst.

258 3896 342 3961 Viso
361 3895 471 3981 igitur
490 3900 595 3980 quota
611 3893 658 3959 sit
673 3916 753 3980 pars
770 3895 953 3980 sextantis,
969 3894 1136 3961 facillima
1152 3897 1401 3983 supputatione

258 4026 364 4106 quota
393 4019 500 4085 totius
530 4018 729 4101 habebitur;
760 4019 790 4084 si
814 4019 943 4106 quippe
972 4021 1118 4108 septima
1147 4028 1200 4086 est
1230 4023 1401 4089 sextantis

258 4168 351 4234 pars,
368 4145 435 4212 crit
459 4144 720 4231 quadragesima
744 4145 893 4212 secunda
911 4168 992 4233 pars
1015 4145 1133 4212 totius.
1156 4147 1228 4210 1238.
1248 4145 1340 4224 Quid
1359 4149 1401 4214 dc

263 4296 281 4302 —
300 4295 719 4303 ——-.--———————.—-—
742 4295 1391 4305 --.-——..-—-----..—--——-.——

334 4373 350 4423 t
367 4373 467 4437 caepit
529 4373 560 4423 13
576 4372 765 4424 semicirculis
830 4375 868 4425 15.
879 4375 910 4424 16
924 4375 968 4439 (ut
978 4372 1151 4437 dictumest)
1161 4374 1191 4425 in
1201 4373 1400 4440 superioribus

320 4454 351 4504 18
366 4451 527 4521 sphericum
590 4455 622 4503 26
639 4454 787 4520 quonimus

391 4547 465 4588 Bnurr
480 4546 534 4597 0111).
548 4547 588 4586 lat.
600 4546 623 4596 1,
634 4546 655 4586 8,
1224 4548 1237 4586 t)
