3428 5138
570 410 886 457 couruuunnrlonsss
908 410 951 454 Ex
973 407 1104 455 umine.

627 687 762 733 uxnussu
784 687 1043 731 TETRAGONISMI.

259 2051 305 2116 Et
324 2074 383 2115 seu
402 2073 576 2138 supponas
596 2073 655 2117 seu
671 2074 741 2118 non
761 2050 958 2135 minimum,
979 2074 1051 2116 esse
1070 2073 1207 2116 neeesse
1226 2059 1278 2117 ent
1376 2081 1403 2119 eo
1426 2071 1467 2134 p.
1480 2056 1541 2120 81

259 2168 430 2233 Iudicium
449 2169 586 2255 parium
605 2178 640 2234 et
656 2169 746 2234 ratio
765 2192 838 2255 pur.
858 2170 1019 2234 Intueare

258 2283 510 2371 Archetypum,
532 2285 628 2350 cuiue
648 2285 822 2351 conversis
840 2285 1000 2372 partibus
1016 2292 1120 2370 etque

214 2395 235 2458 ὗ
259 2401 427 2466 Direetim
447 2403 594 2489 sumptis
614 2402 710 2467 varia
730 2401 810 2467 inde
828 2402 995 2468 habitudo
1016 2410 1181 2489 reportet,

259 2518 353 2595 Quae
374 2519 552 2603 integrant
569 2520 704 2605 cyclum
725 2526 760 2585 et
775 2519 984 2604 triquetrum
1003 2518 1088 2584 dant
1102 2526 1207 2604 alque
1223 2518 1401 2605 quaternis

258 2634 470 2701 Productum
490 2636 607 2722 coetis,
627 2636 786 2721 geminae
804 2642 988 2722 partesque
1007 2635 1138 2720 figurae
1375 2661 1401 2704 er

258 2751 450 2838 Distribne,
470 2759 504 2817 et
523 2752 602 2817 virle
621 2752 667 2817 sis
683 2759 744 2818 tua
763 2775 847 2818 num
866 2751 916 2818 sie
935 2775 1034 2818 sense
1053 2751 1210 2818 invassis.

339 2931 404 2989 Iam
423 2950 489 2990 cum
509 2930 540 2989 in
557 2938 666 2991 natura
683 2931 724 2992 sit
738 2930 896 2991 definitum
920 2931 1087 3007 minimum,
1110 2948 1209 3008 neque
1232 2931 1399 2992 seeundum

195 3053 237 3117 10
259 3056 360 3107 aetum
380 3067 478 3123 neque
506 3047 671 3108 secuudum
689 3048 838 3109 rationem
860 3047 972 3108 circulo
1001 3047 1196 3124 quantulum,
1226 3046 1317 3108 immo
1344 3069 1402 3109 nee

258 3163 438 3239 quadratum
456 3171 643 3242 pentagonO,
662 3184 759 3240 neque
776 3166 962 3242 triangulum
979 3165 1143 3243 quadrato,
1160 3183 1258 3242 neque
1276 3164 1400 3225 tandem

258 3282 374 3355 figurae
401 3282 492 3341 ullam
522 3282 656 3360 speeiem
678 3303 744 3342 eum
770 3283 897 3343 alterius
925 3284 1040 3361 speciei
1061 3283 1159 3359 figure
1180 3281 1329 3360 possibile
1354 3290 1403 3342 est

260 3420 403 3475 aequem
422 3401 500 3461 alius
517 3401 596 3461 enim
614 3400 744 3460 laterum
761 3420 904 3462 numerus
925 3402 1018 3460 aliurn
1034 3420 1154 3479 quoque
1171 3399 1304 3478 partium
1321 3398 1400 3461 oreli-

259 3538 326 3576 nem
344 3526 434 3594 atque
452 3538 608 3578 numerum
627 3519 766 3595 exquirit.
782 3518 822 3577 Et
842 3538 916 3579 sene
931 3538 998 3578 eum
1015 3517 1131 3594 figurae
1147 3516 1246 3593 quoad
1264 3517 1323 3577 hoe
1339 3517 1402 3577 sint

194 3640 234 3703 15
258 3636 337 3696 sicut
355 3636 486 3712 numeri,
507 3636 618 3710 unique
644 3637 761 3696 numeri
788 3636 903 3715 speciei
923 3636 1051 3695 alterius
1068 3635 1186 3694 numeri
1212 3635 1332 3713 speeies
1352 3654 1402 3694 ne-

258 3773 316 3829 que
339 3752 509 3813 formaliter
531 3773 628 3830 neque
656 3752 925 3814 fundamentaliter
942 3753 1041 3832 possit
1059 3773 1128 3814 esse
1146 3752 1298 3829 aequalis,
1317 3771 1401 3812 nunr-

258 3891 345 3946 qnnm
366 3870 493 3947 liguram
510 3869 626 3947 figurae
648 3869 865 3946 aequilaterem
886 3871 1094 3947 aequilaterae
1116 3870 1223 3948 primis
1244 3869 1402 3946 aequalem

258 4007 275 4043 a
299 3986 437 4064 partibus
465 3985 639 4046 efficiemus.
668 3986 736 4046 Etsi
763 3986 842 4047 enim
869 3994 974 4065 partes
999 3989 1089 4048 unius
1111 3985 1249 4065 pertibus
1275 3985 1402 4046 alterius

259 4122 382 4163 numero
411 4103 472 4162 sint
499 4102 658 4180 aequales,
676 4122 838 4180 numquam
865 4111 967 4164 temen
995 4112 1100 4183 partes
1121 4103 1260 4182 pertibus
1285 4101 1402 4177 mugni-

192 4214 235 4274 20
259 4220 377 4296 liuline,
401 4221 564 4298 primannn
586 4239 695 4299 nempe
717 4219 918 4297 similiumque
946 4222 1077 4300 partium
1105 4240 1229 4281 numero
1255 4238 1403 4296 exaequa-

351 4439 367 4487 Γ)
383 4436 478 4505 atque]
493 4443 523 4487 nt
587 4440 616 4488 ll
633 4439 804 4504 quadratum
817 4443 981 4506 pentagono

392 4549 467 4590 unum
482 4550 535 4599 0121».
550 4550 590 4587 lul.
603 4548 625 4592 1.
636 4552 656 4589 ³.
