3428 5138
565 429 610 473 na
629 428 742 474 uranu
763 428 970 475 nxlsranrm.
1281 417 1336 476 149

195 585 340 646 iudicium
358 585 396 644 de
413 592 524 661 atomo,
542 584 623 644 idern
648 584 745 663 primo
773 593 806 645 et
829 585 993 664 praecipuo
1016 585 1105 647 modo
1127 587 1166 647 de
1194 588 1336 650 monade.

196 700 277 761 uude
290 699 412 761 tandem
427 700 584 760 minimum
597 720 652 762 sen
666 720 772 761 monas
786 710 835 762 est
849 701 958 779 omnia,
971 721 1025 762 seu
1039 703 1170 763 maxima
1184 711 1342 782 ettotam,

277 818 360 879 179.
383 814 417 877 Si
433 836 507 894 ergo
529 817 747 897 contemplatio
774 825 903 877 naturae
925 817 1061 896 vestigia
1086 821 1293 899 persequitur,
1321 841 1340 880 a

196 932 318 992 minimo
336 933 473 1012 incipiat,
489 940 522 994 et
537 933 568 992 in
583 933 706 992 minimo
721 932 907 1011 speculando
923 932 1080 1013 consistat,
1094 940 1126 995 et
1139 935 1169 994 in
1184 935 1338 996 minimum

152 1046 173 1108 i)
196 1049 431 1129 contemplando
450 1049 572 1110 desinat
590 1056 720 1128 oportet.

656 1378 808 1445 OAPVT
841 1379 883 1446 V.

347 1554 457 1595 llxcuralo
469 1565 514 1602 qua
527 1555 638 1604 repetitur
648 1553 749 1593 conditio
759 1552 827 1594 huius
837 1553 1036 1604 contemplationis
1047 1553 1075 1594 ad
1088 1554 1185 1606 praxim.

284 1773 377 1858 Ergo
397 1794 578 1839 mensurae
594 1771 746 1839 rationes
765 1778 870 1857 atque
887 1772 1020 1859 figurae

195 1887 417 1974 PerquirenS,
438 1888 621 1975 variosque
639 1889 677 1954 in
696 1888 781 1954 fines
799 1889 940 1954 tramite
959 1889 1078 1955 eodem

130 2011 173 2075 10
195 2007 397 2091 Ocilimans,
419 2005 478 2091 qui
497 2005 589 2071 idem
605 2027 808 2071 mensurans
826 2005 956 2071 format
975 2012 1011 2070 et
1029 2005 1121 2072 idem

194 2125 374 2191 Mensurat
388 2121 556 2206 formans,
574 2120 711 2186 minimi
730 2121 926 2208 speculetur
942 2128 1079 2208 oportet

194 2239 364 2305 Naturam
383 2236 496 2324 primo
514 2236 662 2302 solidum
679 2237 862 2324 capiatque
881 2236 1098 2303 elementum.

194 2357 290 2423 Haec
309 2379 395 2444 opus
414 2355 587 2420 adiectum
606 2354 796 2442 speculatio
817 2354 970 2443 concipit
989 2355 1113 2439 omnis,

194 2472 297 2539 Actio
313 2495 377 2537 nec
392 2494 553 2558 praesens
573 2493 679 2536 vacua
699 2478 750 2536 cst
768 2470 903 2537 ratione
919 2470 1109 2558 profunda;

130 2593 172 2655 15
195 2590 285 2654 Nam
304 2588 463 2676 patribus
482 2588 622 2675 sophiae
639 2567 810 2654 humanae
827 2586 995 2675 perfectio
1015 2586 1141 2652 mentis

194 2704 383 2790 Praecipua
403 2703 594 2790 appetitur,
615 2702 671 2767 cui
690 2703 720 2767 si
738 2703 857 2789 praxis
877 2724 1012 2789 quoque
1030 2702 1129 2768 testis

195 2819 362 2903 Accedat,
381 2826 481 2884 tanto
501 2825 552 2883 est
571 2818 687 2883 lumen
706 2826 787 2905 pote
806 2842 842 2884 se
861 2819 972 2904 magis
990 2826 1088 2884 extra

194 2935 365 3016 Fundere,
383 2942 423 2999 ut
441 2934 619 3000 adsensus
639 2933 825 3000 descendat
843 2935 887 3000 ab
907 2935 1027 3001 ordine
1046 2934 1187 3018 mantis,

196 3053 266 3118 Ceu
286 3052 399 3118 suevit
418 3075 538 3117 sensus
557 3074 620 3139 per
638 3052 747 3118 scalas
762 3052 833 3118 alta
853 3051 968 3144 subire

129 3175 173 3239 20
197 3169 335 3235 Limina
354 3191 415 3255 per
431 3168 563 3234 mediae
584 3168 729 3233 rationis
749 3168 902 3255 compita
919 3191 1073 3255 surgens

195 3285 342 3351 Lumine
359 3293 569 3372 quapropter
589 3291 734 3350 naturae
753 3285 926 3373 operando
945 3285 1119 3370 doeemuS,

195 3405 336 3472 Ut'vice
355 3404 525 3470 discentes
541 3425 640 3469 versa
659 3410 864 3468 moveantur
882 3403 920 3469 in
940 3403 1012 3468 eius

196 3523 386 3588 Sublimem
404 3523 579 3607 obtutum,
597 3521 635 3586 in
654 3521 808 3586 tenebris
827 3543 914 3607 quae
933 3520 1045 3606 fulget
1064 3536 1098 3585 et
1119 3520 1187 3586 alte

196 3639 287 3705 Fusa
305 3661 367 3726 per
386 3639 592 3704 immensum
611 3660 684 3702 sese
703 3636 845 3721 ingerit,
866 3635 1025 3702 omnibus
1045 3635 1140 3701 omui

129 3766 173 3828 223
196 3758 263 3821 Pro
284 3763 402 3842 captu,
423 3764 458 3820 et
477 3761 646 3841 qriantuni
666 3777 700 3819 se
719 3752 862 3838 quisque
881 3753 1045 3818 obiecerit
1065 3752 1126 3817 illi.

196 3874 273 3939 Non
294 3873 384 3938 tanti
405 3880 456 3937 est
476 3871 593 3959 praxis
612 3870 732 3954 studii,
751 3870 874 3956 quanti
893 3871 982 3937 ratic
1002 3879 1105 3956 atque

196 3990 309 4073 Finis,
329 4010 392 4076 pro
409 3989 534 4075 quibus
553 3987 636 4053 haec
656 3995 736 4053 sunt
756 3995 916 4053 accurata
934 3988 1089 4054 subinde.

197 4106 382 4171 Concretas
400 4113 584 4193 postquam
601 4104 760 4168 tenebras
780 4126 903 4170 aurora
922 4103 1067 4190 fugarit,

196 4222 343 4288 Lumine
362 4222 537 4308 praeclaro
554 4228 658 4306 capim
676 4226 809 4285 exaret
828 4219 1001 4286 aetherius
1020 4220 1085 4303 scl;

292 4442 322 4489 nl
339 4438 451 4488 scitalas
