3428 5138
358 408 397 475 36
797 426 937 476 manant
957 426 1059 474 naver

359 601 451 667 enim
473 607 587 668 totum
611 602 784 688 quoddam
806 607 1008 690 supponunt
1030 608 1135 686 atque
1152 605 1277 686 partes.
1310 598 1361 664 79.
1390 597 1499 664 Linea

358 726 463 793 etiam
487 728 516 794 si
539 729 683 816 longum
705 728 765 811 sit,
790 751 908 795 omnes
931 734 1050 796 tamen
1067 726 1322 793 dimensionum
1342 723 1500 790 differen-

357 855 426 922 tias
444 855 632 943 signifieat,
652 856 771 923 eadem
789 855 828 924 in
846 856 973 924 circulo
992 853 1247 942 longitudinem
1263 851 1350 920 dicit
1368 859 1403 918 et
1420 851 1499 918 lati-

358 982 529 1071 tudinem,
553 990 594 1050 ut
617 983 712 1051 etin
740 983 917 1071 quadrato.
946 983 990 1050 In
1017 982 1163 1070 sphaera
1189 1004 1271 1050 vero
1298 982 1391 1048 ultra
1414 979 1497 1046 haec

314 1107 335 1171 ὃ
358 1108 464 1176 etiam
492 1110 739 1200 profuntdum,
765 1111 828 1178 ubi
850 1117 920 1178 tres
943 1111 1173 1180 dimensiones
1192 1109 1498 1192 eademnotantur
1522 1127 1546 1177 c
1566 1115 1620 1177 6ν

357 1242 392 1302 et
411 1236 503 1303 idem
521 1260 594 1305 esse
612 1237 868 1325 intelliguntur.

721 1550 1007 1626 MEMBRVM
1052 1551 1082 1622 V
1087 1549 1137 1624 II.

834 1799 965 1866 Pnnxrs
989 1801 1019 1865 6.

445 2008 623 2088 Quomodo
641 2009 896 2097 longitudinem
909 2011 983 2077 sine
993 2011 1179 2078 latitudine
1192 2035 1293 2078 sensu
1309 2011 1498 2099 apprehen·

291 2130 334 2196 10
359 2134 464 2201 dam?
482 2135 628 2202 Idaeam
646 2135 874 2223 intelligendo
890 2138 1077 2204 terminum
1093 2138 1131 2204 in
1149 2138 1267 2226 plano,
1282 2143 1389 2223 atque
1407 2137 1500 2204 inter

357 2258 443 2327 duos
466 2262 596 2328 colores
619 2261 861 2329 differentiam.
887 2264 916 2330 7.
940 2263 990 2331 Ut
1013 2271 1143 2331 rectam
1166 2264 1294 2329 lineam
1316 2263 1498 2351 experiar?

355 2376 393 2443 Si
409 2383 484 2446 tota
502 2379 566 2447 sub
584 2378 830 2467 perpendiculo
847 2379 968 2464 lateat,
987 2379 1018 2446 si
1040 2380 1085 2447 ad
1103 2379 1212 2447 aciem
1231 2379 1322 2447 oculi
1337 2386 1435 2446 extra
1451 2381 1499 2447 al·

355 2508 469 2570 terum
488 2504 715 2573 terminorum
730 2527 801 2572 non
817 2514 991 2592 evagetur.
1010 2507 1042 2570 8.
1063 2506 1242 2584 Quomodo
1259 2505 1500 2572 brevissimam

355 2629 532 2716 experiar?
552 2630 730 2709 Quomodo
753 2637 893 2698 rectam.
918 2633 948 2697 9.
973 2631 1151 2710 Quomodo
1174 2632 1275 2699 datae
1303 2638 1417 2698 rectae
1447 2653 1501 2698 ae-

290 2763 331 2828 15
354 2758 490 2845 qualem
507 2765 638 2825 rectam
653 2758 763 2825 dabo?
781 2759 818 2824 Si
834 2760 1013 2846 aequalem
1031 2761 1087 2826 vel
1105 2760 1500 2828 eandemcircumferen·

353 2887 423 2953 tiae
434 2894 571 2974 partem
586 2887 722 2973 aequali
738 2887 794 2955 vel
809 2887 920 2954 eidem
936 2887 1065 2954 circulo
1080 2888 1343 2956 adcommodata
1361 2889 1501 2955 subten-

301 3006 303 3010 '
353 3013 427 3098 dat,
457 3021 497 3080 ut
527 3013 585 3080 BC
621 3013 687 3078 BF.
719 3013 898 3092 Quomodo
928 3013 1020 3080 idem
1050 3036 1070 3079 a
1103 3013 1184 3081 dato
1218 3015 1371 3102 puncto?
1407 3016 1499 3094 Quid

354 3150 532 3231 praeterea
550 3140 688 3208 Euclidi
704 3164 790 3230 opus
806 3142 880 3208 est?
905 3143 956 3208 10.
975 3141 1025 3210 Ut
1043 3143 1188 3209 alteram
1204 3140 1313 3210 altera
1332 3143 1499 3210 maiorem

355 3293 458 3338 sensu
476 3270 653 3337 oculorum
669 3268 884 3357 concipiam?
901 3268 953 3354 Si,
970 3273 1116 3356 utrisque
1133 3268 1349 3357 peripheriae
1367 3293 1498 3338 accom-

288 3403 333 3469 20
353 3401 507 3484 modam,
525 3399 610 3467 haec
627 3398 768 3486 quidem
785 3397 976 3486 proximior
994 3405 1047 3465 est
1065 3406 1198 3484 centro,
1222 3421 1261 3464 ea
1284 3421 1366 3467 vero
1390 3423 1499 3468 remo-

354 3529 432 3595 tior.
454 3530 504 3593 11.
525 3528 575 3596 Ut
592 3550 613 3594 u
632 3526 756 3594 maiori
774 3526 866 3612 quod
885 3532 1041 3613 superest
1058 3522 1282 3591 abscindam?
1297 3523 1335 3590 Si
1350 3526 1497 3594 minoris

354 3677 424 3721 una
458 3654 677 3721 extremitate
721 3676 825 3741 supra
865 3652 1006 3719 maioris
1044 3653 1263 3719 extremitate
1297 3654 1497 3740 quiescente

354 3783 554 3850 extremitas
564 3783 673 3850 altera
683 3782 918 3849 circumducta
937 3778 1087 3861 ceritum
1100 3804 1256 3848 excessus
1266 3805 1327 3849 seu
1337 3781 1497 3851 differen-
1520 3805 1546 3856 ο
1564 3794 1616 3858 7²

355 3911 426 3978 tiae
449 3912 637 3978 terminum
662 3910 804 3976 indicat.
830 3911 881 3974 12.
906 3910 955 3976 Ut
978 3915 1108 3974 rectam
1131 3905 1296 3974 bifariam
1319 3907 1496 3977 dividam?

288 4041 331 4102 25
355 4038 476 4105 Mutuo
507 4046 738 4104 extremorum
762 4033 988 4101 circumfluru
1011 4033 1118 4118 facto,
1143 4033 1173 4100 si
1194 4042 1365 4121 punctum
1392 4035 1498 4104 inter-

355 4164 518 4232 sectionis
534 4162 832 4230 circumferentiae
847 4161 884 4227 in
899 4169 1068 4249 punctum
1086 4161 1285 4248 oppositum
1300 4161 1401 4248 fluat,
1412 4170 1498 4232 tunc

447 4436 461 4484 l
477 4450 586 4484 numero
596 4430 768 4499 proqrmieo
780 4433 820 4482 76.
836 4429 898 4482 cast
910 4429 994 4481 oracta
1002 4446 1033 4495 p.
1047 4431 1099 4490 34,
1118 4431 1150 4480 19
1163 4430 1198 4479 to
1211 4430 1245 4479 83
1254 4446 1306 4494 per
1315 4431 1350 4481 68
1360 4438 1406 4483 de.
