3428 5138
709 434 753 477 nn
774 433 938 481 uansvaa.
1333 425 1392 486 347

256 580 413 646 Circulus
432 589 492 647 aut
511 582 718 668 triquetrum
736 587 827 671 quod
846 587 946 653 finiat
963 590 1166 677 accipiatur,
1387 614 1429 675 p.
1450 597 1558 661 205

257 696 356 773 Quod
373 698 524 784 primum
544 700 580 764 iu
599 702 756 786 geminas
772 710 909 770 tantum
928 705 1115 772 discindite
1133 716 1266 795 partes,

256 814 397 898 Hasque
416 815 596 900 sigillatim
615 818 652 882 in
671 819 826 904 geminas
846 821 1028 887 subdivide
1047 846 1195 909 rursum,
1375 857 1399 896 n

256 928 372 1014 Atque
390 930 516 996 iterum
535 939 634 1019 parte
653 934 689 998 in
709 943 824 1022 partes
844 959 1060 1023 quacumque
1079 947 1216 1027 reposta

212 1048 233 1110 ὃ
256 1044 358 1110 Illam
377 1047 529 1132 adusque
548 1056 693 1131 tomum,
715 1073 783 1136 qua
802 1052 848 1116 sit
867 1055 1055 1139 spectabile
1074 1079 1190 1121 coram

257 1160 476 1228 Commodius
496 1165 663 1251 spacium,
685 1174 853 1252 qnantum
873 1191 1062 1255 exaequare
1081 1171 1209 1238 licebit.

255 1274 431 1341 Vexillum
449 1279 530 1343 solis
549 1281 722 1365 permulta
742 1283 906 1370 expendit
926 1292 960 1349 et
979 1285 1083 1351 istud.

687 1846 840 1912 OAPVT
873 1846 975 1911 XIX.

581 2174 723 2236 xvcroa,
744 2174 933 2236 nvrrnron,
957 2173 1081 2219 muron

690 2397 719 2426 cx
733 2388 832 2438 vulgatis
846 2388 971 2427 Eucliden.

346 2669 507 2755 Angelus
527 2691 569 2734 ex
587 2673 681 2734 recta
699 2672 813 2733 rectus
832 2667 970 2752 gemina
988 2668 1053 2733 tibi
1074 2675 1204 2735 rectam

257 2786 422 2873 Disponit
440 2785 628 2871 geminam,
649 2806 716 2869 qua
736 2791 961 2850 connectatur
980 2785 1144 2871 utrinque

258 2905 369 2969 Tanto
389 2902 481 2968 basis
500 2902 662 2988 triquetri
681 2901 887 2967 concludens
906 2901 986 2966 inde
1005 2902 1168 2988 figuram,

258 3020 395 3096 Quanta
415 3041 524 3104 aequa
543 3027 595 3084 est
614 3019 761 3104 geminis
779 3019 918 3105 gemino
938 3019 1002 3084 hoo
1020 3019 1062 3084 de
1081 3020 1178 3086 fonto
1198 3019 1330 3106 figuris.

192 3129 234 3193 15
257 3134 358 3201 Hanc
377 3136 520 3223 duplare
540 3135 657 3201 volens
676 3135 786 3220 igitur
806 3136 1002 3221 componito
1022 3144 1133 3202 rectas

258 3252 429 3338 Aequales
448 3252 562 3336 binae,
582 3259 623 3316 ut
642 3252 687 3316 sit
703 3274 924 3337 comprensus
944 3251 987 3316 ab
1007 3251 1078 3316 illis

258 3368 418 3454 Angulus
438 3368 509 3451 ille,
529 3391 647 3454 parom
666 3368 815 3453 geminis
835 3368 893 3452 qui
913 3369 1065 3454 parturit
1084 3391 1243 3454 aequam;

259 3484 360 3549 Hunc
378 3484 518 3568 quando
538 3484 688 3570 excipiet
707 3483 851 3548 Saturni
870 3484 1091 3570 horoscopus,
1111 3484 1193 3549 inde

260 3599 361 3664 Certa
381 3600 492 3664 aderit
510 3600 645 3665 ratione
664 3600 778 3664 minor
796 3600 973 3685 maiorque
992 3600 1157 3686 profecto.

192 3715 238 3781 20
261 3713 327 3779 Seu
348 3717 493 3780 latorum
515 3715 700 3801 quicquam
720 3739 823 3803 super
841 3716 1026 3782 suliiciatur
1045 3717 1087 3782 ml
1108 3740 1229 3801 unum,
1379 3749 1403 3786 ιο

259 3831 324 3895 Vel
343 3830 520 3918 demptum
539 3832 657 3914 fuerit,
678 3855 737 3896 sou
757 3832 941 3897 mliicictur
957 3832 999 3897 aul
1020 3833 1135 3917 ambo,

260 3947 319 4011 Fit
338 3947 447 4013 nihilo
467 3948 629 4013 subtcnsa
650 3948 764 4013 minus
784 3972 846 4034 par
865 3972 933 4014 una
953 3949 1151 4035 eademqum

261 4061 318 4127 Sic
337 4063 485 4150 duplicis
505 4064 595 4149 cycli
615 4064 741 4149 duplex
760 4064 877 4129 radius
897 4065 963 4129 tibi
983 4067 1100 4151 porgit

260 4178 370 4243 Recto
390 4179 493 4264 anglo
512 4179 735 4264 triquetrum,
758 4180 853 4244 cuius
873 4181 984 4247 maius
1003 4181 1094 4246 latus
1113 4204 1220 4246 unum

192 4294 237 4361 25
260 4292 429 4382 Campum
449 4293 508 4360 dat
527 4294 675 4380 geminis
695 4295 825 4385 campis
845 4297 1018 4363 solertitcr
1037 4320 1194 4383 aequum.
1380 4328 1404 4365 u
