<?xml version="1.0" encoding="UTF-8"?>
<!DOCTYPE html PUBLIC "-//W3C//DTD XHTML 1.0 Transitional//EN"
    "http://www.w3.org/TR/xhtml1/DTD/xhtml1-transitional.dtd">
<html xmlns="http://www.w3.org/1999/xhtml" xml:lang="en" lang="en">
 <head>
  <title>
</title>
<meta http-equiv="Content-Type" content="text/html;charset=utf-8" />
  <meta name='ocr-system' content='tesseract 3.04.00' />
  <meta name='ocr-capabilities' content='ocr_page ocr_carea ocr_par ocr_line ocrx_word'/>
</head>
<body>
  <div class='ocr_page' id='page_1' title='image "./jordanibruninol01brungoog_0191.png"; bbox 0 0 3428 5138; ppageno 0'>
   <div class='ocr_carea' id='block_1_1' title="bbox 370 365 1200 443">
    <p class='ocr_par' dir='ltr' id='par_1_1' title="bbox 370 365 1200 443">
     <span class='ocr_line' id='line_1_1' title="bbox 370 365 1200 443; baseline 0.001 -19"><span class='ocrx_word' id='word_1_1' title='bbox 370 365 427 424; x_wconf 82' lang='grc'>176</span> <span class='ocrx_word' id='word_1_2' title='bbox 675 379 815 425; x_wconf 77' lang='lat' dir='ltr'>rounam</span> <span class='ocrx_word' id='word_1_3' title='bbox 836 380 938 425; x_wconf 55' lang='lat' dir='ltr'>ausfur</span> <span class='ocrx_word' id='word_1_4' title='bbox 958 381 1002 425; x_wconf 81' lang='lat' dir='ltr'>un</span> <span class='ocrx_word' id='word_1_5' title='bbox 1022 381 1158 443; x_wconf 77' lang='lat' dir='ltr'>mnino,</span> <span class='ocrx_word' id='word_1_6' title='bbox 1178 382 1200 425; x_wconf 93' lang='lat'>1.</span> 
     </span>
    </p>
   </div>
   <div class='ocr_carea' id='block_1_2' title="bbox 323 534 1667 1303">
    <p class='ocr_par' dir='ltr' id='par_1_2' title="bbox 367 534 1515 971">
     <span class='ocr_line' id='line_1_2' title="bbox 367 534 1309 623; baseline 0.005 -24"><span class='ocrx_word' id='word_1_7' title='bbox 367 535 610 621; x_wconf 74' lang='lat' dir='ltr'>Perpetuoque</span> <span class='ocrx_word' id='word_1_8' title='bbox 628 534 720 600; x_wconf 84' lang='lat' dir='ltr'>iuter</span> <span class='ocrx_word' id='word_1_9' title='bbox 737 534 881 602; x_wconf 80' lang='lat' dir='ltr'>minima</span> <span class='ocrx_word' id='word_1_10' title='bbox 900 543 996 602; x_wconf 83' lang='lat' dir='ltr'>extat</span> <span class='ocrx_word' id='word_1_11' title='bbox 1015 537 1185 603; x_wconf 86' lang='lat' dir='ltr'>terminus</span> <span class='ocrx_word' id='word_1_12' title='bbox 1205 560 1309 623; x_wconf 74' lang='lat' dir='ltr'>unuS,</span> 
     </span>
     <span class='ocr_line' id='line_1_3' title="bbox 368 651 1207 741; baseline 0.004 -25"><span class='ocrx_word' id='word_1_13' title='bbox 368 651 586 739; x_wconf 90' lang='lat' dir='ltr'>Principium</span> <span class='ocrx_word' id='word_1_14' title='bbox 605 653 708 719; x_wconf 88' lang='lat' dir='ltr'>istius</span> <span class='ocrx_word' id='word_1_15' title='bbox 726 654 837 740; x_wconf 85' lang='lat' dir='ltr'>partis</span> <span class='ocrx_word' id='word_1_16' title='bbox 855 653 1004 739; x_wconf 86' lang='lat' dir='ltr'>finisque</span> <span class='ocrx_word' id='word_1_17' title='bbox 1022 655 1207 741; x_wconf 85' lang='lat' dir='ltr'>sequentis.</span> 
     </span>
     <span class='ocr_line' id='line_1_4' title="bbox 369 767 1515 860; baseline 0.009 -29"><span class='ocrx_word' id='word_1_18' title='bbox 369 767 462 832; x_wconf 87' lang='lat' dir='ltr'>Hinc</span> <span class='ocrx_word' id='word_1_19' title='bbox 481 773 533 833; x_wconf 87' lang='lat' dir='ltr'>est</span> <span class='ocrx_word' id='word_1_20' title='bbox 554 768 646 854; x_wconf 86' lang='lat' dir='ltr'>quod</span> <span class='ocrx_word' id='word_1_21' title='bbox 664 770 857 855; x_wconf 84' lang='lat' dir='ltr'>plenumst</span> <span class='ocrx_word' id='word_1_22' title='bbox 875 793 1024 837; x_wconf 84' lang='lat' dir='ltr'>vacuum</span> <span class='ocrx_word' id='word_1_23' title='bbox 1044 771 1160 838; x_wconf 83' lang='lat' dir='ltr'>dixere</span> <span class='ocrx_word' id='word_1_24' title='bbox 1178 771 1311 860; x_wconf 87' lang='lat' dir='ltr'>priore-s</span> <span class='ocrx_word' id='word_1_25' title='bbox 1487 802 1515 841; x_wconf 75' lang='lat' dir='ltr'>ro</span> 
     </span>
     <span class='ocr_line' id='line_1_5' title="bbox 367 882 1333 971; baseline 0.005 -22"><span class='ocrx_word' id='word_1_26' title='bbox 367 882 543 949; x_wconf 77' lang='lat' dir='ltr'>Continuo</span> <span class='ocrx_word' id='word_1_27' title='bbox 564 884 600 948; x_wconf 90' lang='lat' dir='ltr'>in</span> <span class='ocrx_word' id='word_1_28' title='bbox 621 907 838 971; x_wconf 88' lang='lat' dir='ltr'>quocumque</span> <span class='ocrx_word' id='word_1_29' title='bbox 857 885 951 971; x_wconf 84' lang='lat' dir='ltr'>dari,</span> <span class='ocrx_word' id='word_1_30' title='bbox 968 910 1118 954; x_wconf 89' lang='lat' dir='ltr'>necnon</span> <span class='ocrx_word' id='word_1_31' title='bbox 1137 894 1333 954; x_wconf 82' lang='lat' dir='ltr'>atomorum</span> 
     </span>
    </p>

    <p class='ocr_par' dir='ltr' id='par_1_3' title="bbox 323 998 1667 1303">
     <span class='ocr_line' id='line_1_6' title="bbox 323 998 1667 1092; baseline 0.01 -30"><span class='ocrx_word' id='word_1_32' title='bbox 323 998 344 1062; x_wconf 80' lang='lat'>5</span> <span class='ocrx_word' id='word_1_33' title='bbox 367 999 521 1086; x_wconf 83' lang='lat' dir='ltr'>Corpora</span> <span class='ocrx_word' id='word_1_34' title='bbox 540 1022 709 1067; x_wconf 89' lang='lat' dir='ltr'>concursu</span> <span class='ocrx_word' id='word_1_35' title='bbox 728 1024 807 1067; x_wconf 89' lang='lat' dir='ltr'>cum</span> <span class='ocrx_word' id='word_1_36' title='bbox 826 1003 897 1068; x_wconf 88' lang='lat' dir='ltr'>siut</span> <span class='ocrx_word' id='word_1_37' title='bbox 916 1003 1124 1090; x_wconf 82' lang='lat' dir='ltr'>sphaeralis,</span> <span class='ocrx_word' id='word_1_38' title='bbox 1144 1027 1277 1092; x_wconf 84' lang='lat' dir='ltr'>semper</span> <span class='ocrx_word' id='word_1_39' title='bbox 1539 1013 1584 1075; x_wconf 79' lang='lat'>1)-</span> <span class='ocrx_word' id='word_1_40' title='bbox 1593 998 1667 1062; x_wconf 83' lang='lat'>44</span> 
     </span>
     <span class='ocr_line' id='line_1_7' title="bbox 368 1114 1118 1204; baseline 0.011 -26"><span class='ocrx_word' id='word_1_41' title='bbox 368 1114 499 1180; x_wconf 88' lang='lat' dir='ltr'>Iniecto</span> <span class='ocrx_word' id='word_1_42' title='bbox 519 1137 627 1182; x_wconf 87' lang='lat' dir='ltr'>vacuo</span> <span class='ocrx_word' id='word_1_43' title='bbox 646 1117 872 1204; x_wconf 83' lang='lat' dir='ltr'>attinguntur</span> <span class='ocrx_word' id='word_1_44' title='bbox 890 1119 1118 1186; x_wconf 82' lang='lat' dir='ltr'>dissoluenda.</span> 
     </span>
     <span class='ocr_line' id='line_1_8' title="bbox 367 1231 1120 1303; baseline 0.009 -8"><span class='ocrx_word' id='word_1_45' title='bbox 367 1231 416 1296; x_wconf 89' lang='lat' dir='ltr'>At</span> <span class='ocrx_word' id='word_1_46' title='bbox 432 1232 532 1298; x_wconf 88' lang='lat' dir='ltr'>nobis</span> <span class='ocrx_word' id='word_1_47' title='bbox 553 1234 686 1301; x_wconf 82' lang='lat' dir='ltr'>aridam</span> <span class='ocrx_word' id='word_1_48' title='bbox 704 1242 831 1301; x_wconf 84' lang='lat' dir='ltr'>natura</span> <span class='ocrx_word' id='word_1_49' title='bbox 850 1236 1015 1302; x_wconf 84' lang='lat' dir='ltr'>humente</span> <span class='ocrx_word' id='word_1_50' title='bbox 1029 1237 1120 1303; x_wconf 87' lang='lat' dir='ltr'>coire</span> 
     </span>
    </p>
   </div>
   <div class='ocr_carea' id='block_1_3' title="bbox 367 1348 1511 1441">
    <p class='ocr_par' dir='ltr' id='par_1_4' title="bbox 367 1348 1511 1441">
     <span class='ocr_line' id='line_1_9' title="bbox 367 1348 1511 1441; baseline 0.006 -29"><span class='ocrx_word' id='word_1_51' title='bbox 367 1348 607 1436; x_wconf 83' lang='lat' dir='ltr'>Perspicuum,</span> <span class='ocrx_word' id='word_1_52' title='bbox 625 1358 660 1418; x_wconf 90' lang='lat' dir='ltr'>et</span> <span class='ocrx_word' id='word_1_53' title='bbox 679 1352 780 1419; x_wconf 87' lang='lat' dir='ltr'>vacui</span> <span class='ocrx_word' id='word_1_54' title='bbox 795 1375 866 1419; x_wconf 90' lang='lat' dir='ltr'>non</span> <span class='ocrx_word' id='word_1_55' title='bbox 885 1377 958 1420; x_wconf 84' lang='lat' dir='ltr'>csse</span> <span class='ocrx_word' id='word_1_56' title='bbox 977 1360 1017 1420; x_wconf 89' lang='lat' dir='ltr'>ut</span> <span class='ocrx_word' id='word_1_57' title='bbox 1036 1376 1179 1441; x_wconf 85' lang='lat' dir='ltr'>corpora</span> <span class='ocrx_word' id='word_1_58' title='bbox 1198 1360 1324 1420; x_wconf 84' lang='lat' dir='ltr'>nectat.</span> <span class='ocrx_word' id='word_1_59' title='bbox 1482 1380 1511 1420; x_wconf 77' lang='lat' dir='ltr'>rs</span> 
     </span>
    </p>
   </div>
   <div class='ocr_carea' id='block_1_4' title="bbox 304 1552 1513 2820">
    <p class='ocr_par' dir='ltr' id='par_1_5' title="bbox 449 1552 1511 1631">
     <span class='ocr_line' id='line_1_10' title="bbox 449 1552 1511 1631; baseline 0.005 -21"><span class='ocrx_word' id='word_1_60' title='bbox 449 1552 475 1611; x_wconf 90' lang='lat'>1.</span> <span class='ocrx_word' id='word_1_61' title='bbox 498 1552 559 1611; x_wconf 82' lang='lat' dir='ltr'>Tot</span> <span class='ocrx_word' id='word_1_62' title='bbox 576 1559 647 1612; x_wconf 87' lang='lat' dir='ltr'>sunt</span> <span class='ocrx_word' id='word_1_63' title='bbox 668 1553 784 1613; x_wconf 89' lang='lat' dir='ltr'>minimi</span> <span class='ocrx_word' id='word_1_64' title='bbox 808 1573 921 1631; x_wconf 80' lang='lat' dir='ltr'>genera</span> <span class='ocrx_word' id='word_1_65' title='bbox 942 1563 1017 1631; x_wconf 89' lang='lat' dir='ltr'>quot</span> <span class='ocrx_word' id='word_1_66' title='bbox 1043 1562 1075 1617; x_wconf 86' lang='lat' dir='ltr'>et</span> <span class='ocrx_word' id='word_1_67' title='bbox 1101 1575 1202 1616; x_wconf 89' lang='lat' dir='ltr'>rerum</span> <span class='ocrx_word' id='word_1_68' title='bbox 1224 1556 1255 1616; x_wconf 89' lang='lat' dir='ltr'>in</span> <span class='ocrx_word' id='word_1_69' title='bbox 1282 1574 1424 1631; x_wconf 82' lang='lat' dir='ltr'>numero,</span> <span class='ocrx_word' id='word_1_70' title='bbox 1447 1575 1511 1615; x_wconf 93' lang='lat' dir='ltr'>mo·</span> 
     </span>
    </p>

    <p class='ocr_par' dir='ltr' id='par_1_6' title="bbox 305 1668 1512 1750">
     <span class='ocr_line' id='line_1_11' title="bbox 305 1668 1512 1750; baseline 0.003 -20"><span class='ocrx_word' id='word_1_71' title='bbox 305 1668 347 1730; x_wconf 87' lang='lat'>10</span> <span class='ocrx_word' id='word_1_72' title='bbox 370 1674 471 1727; x_wconf 90' lang='lat' dir='ltr'>mento</span> <span class='ocrx_word' id='word_1_73' title='bbox 492 1677 525 1729; x_wconf 86' lang='lat' dir='ltr'>et</span> <span class='ocrx_word' id='word_1_74' title='bbox 546 1689 724 1747; x_wconf 85' lang='lat' dir='ltr'>quacunque</span> <span class='ocrx_word' id='word_1_75' title='bbox 747 1673 947 1750; x_wconf 83' lang='lat' dir='ltr'>amplitudine</span> <span class='ocrx_word' id='word_1_76' title='bbox 967 1674 1197 1735; x_wconf 86' lang='lat' dir='ltr'>consistentium</span> <span class='ocrx_word' id='word_1_77' title='bbox 1221 1682 1270 1734; x_wconf 86' lang='lat' dir='ltr'>est</span> <span class='ocrx_word' id='word_1_78' title='bbox 1291 1673 1432 1733; x_wconf 90' lang='lat' dir='ltr'>minimas</span> <span class='ocrx_word' id='word_1_79' title='bbox 1450 1681 1512 1734; x_wconf 82' lang='lat' dir='ltr'>ter·</span> 
     </span>
    </p>

    <p class='ocr_par' dir='ltr' id='par_1_7' title="bbox 368 1781 1513 1869">
     <span class='ocr_line' id='line_1_12' title="bbox 368 1781 1513 1869; baseline 0.007 -29"><span class='ocrx_word' id='word_1_80' title='bbox 368 1781 481 1861; x_wconf 88' lang='lat' dir='ltr'>minus,</span> <span class='ocrx_word' id='word_1_81' title='bbox 502 1785 656 1846; x_wconf 87' lang='lat' dir='ltr'>minimum</span> <span class='ocrx_word' id='word_1_82' title='bbox 674 1787 810 1866; x_wconf 84' lang='lat' dir='ltr'>planum,</span> <span class='ocrx_word' id='word_1_83' title='bbox 830 1789 971 1849; x_wconf 88' lang='lat' dir='ltr'>minimus</span> <span class='ocrx_word' id='word_1_84' title='bbox 989 1791 1132 1868; x_wconf 82' lang='lat' dir='ltr'>angulus,</span> <span class='ocrx_word' id='word_1_85' title='bbox 1151 1810 1276 1869; x_wconf 88' lang='lat' dir='ltr'>corpus,</span> <span class='ocrx_word' id='word_1_86' title='bbox 1304 1789 1399 1868; x_wconf 88' lang='lat' dir='ltr'>ratio,</span> <span class='ocrx_word' id='word_1_87' title='bbox 1416 1788 1513 1850; x_wconf 86' lang='lat' dir='ltr'>scien·</span> 
     </span>
    </p>

    <p class='ocr_par' dir='ltr' id='par_1_8' title="bbox 368 1897 1509 1981">
     <span class='ocr_line' id='line_1_13' title="bbox 368 1897 1509 1981; baseline 0.006 -23"><span class='ocrx_word' id='word_1_88' title='bbox 368 1897 426 1976; x_wconf 89' lang='lat' dir='ltr'>tia,</span> <span class='ocrx_word' id='word_1_89' title='bbox 445 1919 567 1979; x_wconf 86' lang='lat' dir='ltr'>sensus,</span> <span class='ocrx_word' id='word_1_90' title='bbox 584 1923 727 1965; x_wconf 85' lang='lat' dir='ltr'>numerus</span> <span class='ocrx_word' id='word_1_91' title='bbox 749 1906 865 1967; x_wconf 82' lang='lat' dir='ltr'>stalis.</span> <span class='ocrx_word' id='word_1_92' title='bbox 884 1906 962 1967; x_wconf 87' lang='lat' dir='ltr'>Sunt</span> <span class='ocrx_word' id='word_1_93' title='bbox 978 1914 1010 1967; x_wconf 83' lang='lat' dir='ltr'>st</span> <span class='ocrx_word' id='word_1_94' title='bbox 1031 1909 1088 1967; x_wconf 89' lang='lat' dir='ltr'>sub</span> <span class='ocrx_word' id='word_1_95' title='bbox 1103 1907 1212 1967; x_wconf 82' lang='lat' dir='ltr'>eodem</span> <span class='ocrx_word' id='word_1_96' title='bbox 1234 1907 1354 1967; x_wconf 89' lang='lat' dir='ltr'>nomine</span> <span class='ocrx_word' id='word_1_97' title='bbox 1371 1905 1509 1981; x_wconf 85' lang='lat' dir='ltr'>minima,</span> 
     </span>
    </p>

    <p class='ocr_par' dir='ltr' id='par_1_9' title="bbox 369 2017 1509 2106">
     <span class='ocr_line' id='line_1_14' title="bbox 369 2017 1509 2106; baseline 0.004 -31"><span class='ocrx_word' id='word_1_98' title='bbox 369 2037 447 2093; x_wconf 82' lang='lat' dir='ltr'>quae</span> <span class='ocrx_word' id='word_1_99' title='bbox 465 2017 604 2080; x_wconf 85' lang='lat' dir='ltr'>diversas</span> <span class='ocrx_word' id='word_1_100' title='bbox 622 2022 738 2083; x_wconf 84' lang='lat' dir='ltr'>habent</span> <span class='ocrx_word' id='word_1_101' title='bbox 754 2023 1008 2104; x_wconf 76' lang='lat' dir='ltr'>significationsS‚</span> <span class='ocrx_word' id='word_1_102' title='bbox 1029 2033 1064 2086; x_wconf 86' lang='lat' dir='ltr'>ut</span> <span class='ocrx_word' id='word_1_103' title='bbox 1085 2032 1231 2106; x_wconf 86' lang='lat' dir='ltr'>punctus,</span> <span class='ocrx_word' id='word_1_104' title='bbox 1262 2033 1396 2100; x_wconf 87' lang='lat' dir='ltr'>atomus,</span> <span class='ocrx_word' id='word_1_105' title='bbox 1414 2024 1509 2099; x_wconf 87' lang='lat' dir='ltr'>linea,</span> 
     </span>
    </p>

    <p class='ocr_par' dir='ltr' id='par_1_10' title="bbox 304 2135 1510 2333">
     <span class='ocr_line' id='line_1_15' title="bbox 368 2135 1510 2222; baseline 0.006 -29"><span class='ocrx_word' id='word_1_106' title='bbox 368 2135 506 2214; x_wconf 84' lang='lat' dir='ltr'>planum,</span> <span class='ocrx_word' id='word_1_107' title='bbox 525 2158 602 2215; x_wconf 86' lang='lat' dir='ltr'>quae</span> <span class='ocrx_word' id='word_1_108' title='bbox 622 2160 701 2201; x_wconf 89' lang='lat' dir='ltr'>nunc</span> <span class='ocrx_word' id='word_1_109' title='bbox 728 2150 849 2221; x_wconf 83' lang='lat' dir='ltr'>partem</span> <span class='ocrx_word' id='word_1_110' title='bbox 874 2142 1028 2204; x_wconf 88' lang='lat' dir='ltr'>minimam</span> <span class='ocrx_word' id='word_1_111' title='bbox 1055 2143 1153 2222; x_wconf 79' lang='lat' dir='ltr'>longi,</span> <span class='ocrx_word' id='word_1_112' title='bbox 1176 2143 1231 2202; x_wconf 84' lang='lat' dir='ltr'>lati</span> <span class='ocrx_word' id='word_1_113' title='bbox 1257 2151 1289 2203; x_wconf 86' lang='lat' dir='ltr'>et</span> <span class='ocrx_word' id='word_1_114' title='bbox 1306 2141 1411 2217; x_wconf 83' lang='lat' dir='ltr'>solidi,</span> <span class='ocrx_word' id='word_1_115' title='bbox 1430 2160 1510 2200; x_wconf 87' lang='lat' dir='ltr'>nunc</span> 
     </span>
     <span class='ocr_line' id='line_1_16' title="bbox 304 2248 728 2333; baseline 0.017 -21"><span class='ocrx_word' id='word_1_116' title='bbox 304 2248 344 2312; x_wconf 79' lang='lat'>15</span> <span class='ocrx_word' id='word_1_117' title='bbox 368 2252 528 2313; x_wconf 82' lang='lat' dir='ltr'>torminum</span> <span class='ocrx_word' id='word_1_118' title='bbox 546 2256 728 2333; x_wconf 84' lang='lat' dir='ltr'>significant.</span> 
     </span>
    </p>

    <p class='ocr_par' dir='ltr' id='par_1_11' title="bbox 371 2373 1512 2820">
     <span class='ocr_line' id='line_1_17' title="bbox 450 2373 1510 2459; baseline 0 -20"><span class='ocrx_word' id='word_1_119' title='bbox 450 2392 467 2439; x_wconf 71' lang='lat' dir='ltr'>r</span> <span class='ocrx_word' id='word_1_120' title='bbox 489 2373 564 2433; x_wconf 81' lang='lat' dir='ltr'>Cum</span> <span class='ocrx_word' id='word_1_121' title='bbox 580 2395 617 2436; x_wconf 83' lang='lat' dir='ltr'>ex</span> <span class='ocrx_word' id='word_1_122' title='bbox 635 2376 741 2455; x_wconf 85' lang='lat' dir='ltr'>primis</span> <span class='ocrx_word' id='word_1_123' title='bbox 760 2381 899 2458; x_wconf 84' lang='lat' dir='ltr'>partibus</span> <span class='ocrx_word' id='word_1_124' title='bbox 914 2381 1085 2443; x_wconf 86' lang='lat' dir='ltr'>consistant</span> <span class='ocrx_word' id='word_1_125' title='bbox 1103 2382 1202 2442; x_wconf 87' lang='lat' dir='ltr'>omnia</span> <span class='ocrx_word' id='word_1_126' title='bbox 1219 2400 1297 2458; x_wconf 85' lang='lat' dir='ltr'>quae</span> <span class='ocrx_word' id='word_1_127' title='bbox 1315 2401 1352 2442; x_wconf 84' lang='lat' dir='ltr'>ex</span> <span class='ocrx_word' id='word_1_128' title='bbox 1369 2380 1510 2459; x_wconf 88' lang='lat' dir='ltr'>partibus</span> 
     </span>
     <span class='ocr_line' id='line_1_18' title="bbox 373 2497 1512 2580; baseline 0.006 -28"><span class='ocrx_word' id='word_1_129' title='bbox 373 2503 614 2575; x_wconf 87' lang='lat' dir='ltr'>componuntur,</span> <span class='ocrx_word' id='word_1_130' title='bbox 633 2499 770 2576; x_wconf 86' lang='lat' dir='ltr'>sequitur</span> <span class='ocrx_word' id='word_1_131' title='bbox 786 2521 846 2561; x_wconf 90' lang='lat' dir='ltr'>non</span> <span class='ocrx_word' id='word_1_132' title='bbox 866 2510 1004 2580; x_wconf 85' lang='lat' dir='ltr'>exparte</span> <span class='ocrx_word' id='word_1_133' title='bbox 1022 2500 1080 2580; x_wconf 83' lang='lat' dir='ltr'>rei,</span> <span class='ocrx_word' id='word_1_134' title='bbox 1101 2500 1155 2562; x_wconf 86' lang='lat' dir='ltr'>sed</span> <span class='ocrx_word' id='word_1_135' title='bbox 1178 2522 1215 2562; x_wconf 83' lang='lat' dir='ltr'>ex</span> <span class='ocrx_word' id='word_1_136' title='bbox 1236 2501 1361 2561; x_wconf 82' lang='lat' dir='ltr'>arbitrio</span> <span class='ocrx_word' id='word_1_137' title='bbox 1378 2508 1409 2560; x_wconf 87' lang='lat' dir='ltr'>et</span> <span class='ocrx_word' id='word_1_138' title='bbox 1426 2497 1512 2560; x_wconf 88' lang='lat' dir='ltr'>insti·</span> 
     </span>
     <span class='ocr_line' id='line_1_19' title="bbox 371 2617 1510 2702; baseline 0.008 -29"><span class='ocrx_word' id='word_1_139' title='bbox 371 2620 436 2676; x_wconf 85' lang='lat' dir='ltr'>tuto</span> <span class='ocrx_word' id='word_1_140' title='bbox 454 2617 606 2697; x_wconf 84' lang='lat' dir='ltr'>accidere,</span> <span class='ocrx_word' id='word_1_141' title='bbox 625 2627 658 2679; x_wconf 87' lang='lat' dir='ltr'>ut</span> <span class='ocrx_word' id='word_1_142' title='bbox 676 2620 758 2681; x_wconf 85' lang='lat' dir='ltr'>idom</span> <span class='ocrx_word' id='word_1_143' title='bbox 785 2629 930 2699; x_wconf 88' lang='lat' dir='ltr'>quantum</span> <span class='ocrx_word' id='word_1_144' title='bbox 951 2622 1067 2701; x_wconf 86' lang='lat' dir='ltr'>pariter</span> <span class='ocrx_word' id='word_1_145' title='bbox 1094 2622 1312 2702; x_wconf 83' lang='lat' dir='ltr'>impariterqus</span> <span class='ocrx_word' id='word_1_146' title='bbox 1339 2621 1510 2697; x_wconf 83' lang='lat' dir='ltr'>dividatur;</span> 
     </span>
     <span class='ocr_line' id='line_1_20' title="bbox 372 2735 1323 2820; baseline 0.006 -25"><span class='ocrx_word' id='word_1_147' title='bbox 372 2735 474 2815; x_wconf 82' lang='lat' dir='ltr'>aliter,</span> <span class='ocrx_word' id='word_1_148' title='bbox 493 2737 627 2816; x_wconf 81' lang='lat' dir='ltr'>inquam,</span> <span class='ocrx_word' id='word_1_149' title='bbox 647 2760 736 2816; x_wconf 85' lang='lat' dir='ltr'>quam</span> <span class='ocrx_word' id='word_1_150' title='bbox 754 2739 880 2802; x_wconf 84' lang='lat' dir='ltr'>definita</span> <span class='ocrx_word' id='word_1_151' title='bbox 895 2741 1013 2801; x_wconf 82' lang='lat' dir='ltr'>numeri</span> <span class='ocrx_word' id='word_1_152' title='bbox 1028 2740 1149 2820; x_wconf 79' lang='lat' dir='ltr'>species</span> <span class='ocrx_word' id='word_1_153' title='bbox 1167 2740 1323 2803; x_wconf 87' lang='lat' dir='ltr'>dividitur.</span> 
     </span>
    </p>
   </div>
   <div class='ocr_carea' id='block_1_5' title="bbox 302 2854 1511 2938">
    <p class='ocr_par' dir='ltr' id='par_1_12' title="bbox 302 2854 1511 2938">
     <span class='ocr_line' id='line_1_21' title="bbox 302 2854 1511 2938; baseline -0.003 -20"><span class='ocrx_word' id='word_1_154' title='bbox 302 2854 347 2918; x_wconf 75' lang='lat'>‘20</span> <span class='ocrx_word' id='word_1_155' title='bbox 450 2860 466 2906; x_wconf 71' lang='lat' dir='ltr'>‘h</span> <span class='ocrx_word' id='word_1_156' title='bbox 487 2858 534 2916; x_wconf 84' lang='lat'>40.</span> <span class='ocrx_word' id='word_1_157' title='bbox 556 2855 683 2918; x_wconf 85' lang='lat' dir='ltr'>Minima</span> <span class='ocrx_word' id='word_1_158' title='bbox 697 2865 848 2935; x_wconf 85' lang='lat' dir='ltr'>quatenus</span> <span class='ocrx_word' id='word_1_159' title='bbox 863 2866 933 2919; x_wconf 85' lang='lat' dir='ltr'>suut</span> <span class='ocrx_word' id='word_1_160' title='bbox 947 2858 1085 2938; x_wconf 77' lang='lat' dir='ltr'>uuihiIir,</span> <span class='ocrx_word' id='word_1_161' title='bbox 1105 2857 1312 2935; x_wconf 74' lang='lat' dir='ltr'>segregabitis</span> <span class='ocrx_word' id='word_1_162' title='bbox 1325 2856 1511 2933; x_wconf 84' lang='lat' dir='ltr'>etiamsunt,</span> 
     </span>
    </p>
   </div>
   <div class='ocr_carea' id='block_1_6' title="bbox 304 2977 1514 4124">
    <p class='ocr_par' dir='ltr' id='par_1_13' title="bbox 304 2977 1514 4124">
     <span class='ocr_line' id='line_1_22' title="bbox 367 2977 1511 3056; baseline 0.001 -22"><span class='ocrx_word' id='word_1_163' title='bbox 367 2995 426 3034; x_wconf 89' lang='lat' dir='ltr'>non</span> <span class='ocrx_word' id='word_1_164' title='bbox 439 2995 472 3036; x_wconf 89' lang='lat' dir='ltr'>ss</span> <span class='ocrx_word' id='word_1_165' title='bbox 483 2984 654 3055; x_wconf 85' lang='lat' dir='ltr'>penetrant,</span> <span class='ocrx_word' id='word_1_166' title='bbox 665 2998 724 3037; x_wconf 89' lang='lat' dir='ltr'>non</span> <span class='ocrx_word' id='word_1_167' title='bbox 736 2979 910 3056; x_wconf 79' lang='lat' dir='ltr'>miscentur,</span> <span class='ocrx_word' id='word_1_168' title='bbox 924 2978 979 3039; x_wconf 91' lang='lat' dir='ltr'>sed</span> <span class='ocrx_word' id='word_1_169' title='bbox 991 2997 1025 3040; x_wconf 84' lang='lat' dir='ltr'>sc</span> <span class='ocrx_word' id='word_1_170' title='bbox 1036 2979 1191 3056; x_wconf 82' lang='lat' dir='ltr'>attingunt</span> <span class='ocrx_word' id='word_1_171' title='bbox 1202 2987 1328 3055; x_wconf 83' lang='lat' dir='ltr'>tantum,</span> <span class='ocrx_word' id='word_1_172' title='bbox 1341 2977 1422 3039; x_wconf 86' lang='lat' dir='ltr'>unde</span> <span class='ocrx_word' id='word_1_173' title='bbox 1433 2977 1511 3038; x_wconf 90' lang='lat' dir='ltr'>nihil</span> 
     </span>
     <span class='ocr_line' id='line_1_23' title="bbox 369 3094 1510 3176; baseline 0.004 -24"><span class='ocrx_word' id='word_1_174' title='bbox 369 3101 417 3154; x_wconf 88' lang='lat' dir='ltr'>ost</span> <span class='ocrx_word' id='word_1_175' title='bbox 434 3094 565 3154; x_wconf 88' lang='lat' dir='ltr'>solidum</span> <span class='ocrx_word' id='word_1_176' title='bbox 577 3116 687 3174; x_wconf 85' lang='lat' dir='ltr'>eorpus</span> <span class='ocrx_word' id='word_1_177' title='bbox 699 3106 821 3176; x_wconf 85' lang='lat' dir='ltr'>praeter</span> <span class='ocrx_word' id='word_1_178' title='bbox 833 3116 877 3174; x_wconf 84' lang='lat' dir='ltr'>ea,</span> <span class='ocrx_word' id='word_1_179' title='bbox 891 3104 921 3158; x_wconf 84' lang='lat' dir='ltr'>et</span> <span class='ocrx_word' id='word_1_180' title='bbox 938 3097 1008 3157; x_wconf 86' lang='lat' dir='ltr'>ideo</span> <span class='ocrx_word' id='word_1_181' title='bbox 1026 3097 1127 3157; x_wconf 86' lang='lat' dir='ltr'>omnia</span> <span class='ocrx_word' id='word_1_182' title='bbox 1143 3104 1266 3175; x_wconf 84' lang='lat' dir='ltr'>praeter</span> <span class='ocrx_word' id='word_1_183' title='bbox 1285 3115 1322 3156; x_wconf 88' lang='lat' dir='ltr'>ea</span> <span class='ocrx_word' id='word_1_184' title='bbox 1335 3095 1510 3157; x_wconf 82' lang='lat' dir='ltr'>dissolvun-</span> 
     </span>
     <span class='ocr_line' id='line_1_24' title="bbox 368 3215 1507 3294; baseline 0.001 -21"><span class='ocrx_word' id='word_1_185' title='bbox 368 3221 426 3286; x_wconf 81' lang='lat' dir='ltr'>tur,</span> <span class='ocrx_word' id='word_1_186' title='bbox 442 3234 568 3291; x_wconf 88' lang='lat' dir='ltr'>quorum</span> <span class='ocrx_word' id='word_1_187' title='bbox 585 3235 645 3274; x_wconf 89' lang='lat' dir='ltr'>nou</span> <span class='ocrx_word' id='word_1_188' title='bbox 663 3216 761 3276; x_wconf 86' lang='lat' dir='ltr'>minus</span> <span class='ocrx_word' id='word_1_189' title='bbox 779 3216 925 3294; x_wconf 80' lang='lat' dir='ltr'>possibile</span> <span class='ocrx_word' id='word_1_190' title='bbox 944 3223 992 3276; x_wconf 87' lang='lat' dir='ltr'>est</span> <span class='ocrx_word' id='word_1_191' title='bbox 1009 3215 1187 3292; x_wconf 80' lang='lat' dir='ltr'>divortium,</span> <span class='ocrx_word' id='word_1_192' title='bbox 1202 3236 1291 3294; x_wconf 82' lang='lat' dir='ltr'>quam</span> <span class='ocrx_word' id='word_1_193' title='bbox 1307 3215 1507 3276; x_wconf 83' lang='lat' dir='ltr'>consortium:</span> 
     </span>
     <span class='ocr_line' id='line_1_25' title="bbox 368 3333 1510 3414; baseline 0.002 -22"><span class='ocrx_word' id='word_1_194' title='bbox 368 3333 449 3410; x_wconf 82' lang='lat' dir='ltr'>quod</span> <span class='ocrx_word' id='word_1_195' title='bbox 470 3335 496 3394; x_wconf 89' lang='lat' dir='ltr'>si</span> <span class='ocrx_word' id='word_1_196' title='bbox 517 3335 561 3394; x_wconf 86' lang='lat' dir='ltr'>ita</span> <span class='ocrx_word' id='word_1_197' title='bbox 579 3344 645 3413; x_wconf 84' lang='lat' dir='ltr'>est,</span> <span class='ocrx_word' id='word_1_198' title='bbox 661 3355 720 3395; x_wconf 87' lang='lat' dir='ltr'>non</span> <span class='ocrx_word' id='word_1_199' title='bbox 743 3355 801 3394; x_wconf 88' lang='lat' dir='ltr'>uno</span> <span class='ocrx_word' id='word_1_200' title='bbox 820 3335 985 3414; x_wconf 85' lang='lat' dir='ltr'>communi,</span> <span class='ocrx_word' id='word_1_201' title='bbox 1004 3335 1059 3397; x_wconf 87' lang='lat' dir='ltr'>sed</span> <span class='ocrx_word' id='word_1_202' title='bbox 1077 3336 1196 3397; x_wconf 85' lang='lat' dir='ltr'>duobus</span> <span class='ocrx_word' id='word_1_203' title='bbox 1217 3335 1350 3414; x_wconf 88' lang='lat' dir='ltr'>propriis</span> <span class='ocrx_word' id='word_1_204' title='bbox 1370 3334 1510 3396; x_wconf 86' lang='lat' dir='ltr'>terminis</span> 
     </span>
     <span class='ocr_line' id='line_1_26' title="bbox 304 3447 1511 3529; baseline 0.001 -17"><span class='ocrx_word' id='word_1_205' title='bbox 304 3447 347 3512; x_wconf 79' lang='lat'>25</span> <span class='ocrx_word' id='word_1_206' title='bbox 371 3453 575 3529; x_wconf 85' lang='lat' dir='ltr'>attinguntur,</span> <span class='ocrx_word' id='word_1_207' title='bbox 598 3473 674 3528; x_wconf 87' lang='lat' dir='ltr'>quos</span> <span class='ocrx_word' id='word_1_208' title='bbox 691 3453 771 3513; x_wconf 86' lang='lat' dir='ltr'>inter</span> <span class='ocrx_word' id='word_1_209' title='bbox 789 3453 865 3514; x_wconf 83' lang='lat' dir='ltr'>duos</span> <span class='ocrx_word' id='word_1_210' title='bbox 881 3454 1027 3516; x_wconf 87' lang='lat' dir='ltr'>terminos</span> <span class='ocrx_word' id='word_1_211' title='bbox 1046 3463 1093 3515; x_wconf 87' lang='lat' dir='ltr'>est</span> <span class='ocrx_word' id='word_1_212' title='bbox 1110 3454 1140 3514; x_wconf 89' lang='lat' dir='ltr'>iu</span> <span class='ocrx_word' id='word_1_213' title='bbox 1159 3472 1217 3529; x_wconf 90' lang='lat' dir='ltr'>quo</span> <span class='ocrx_word' id='word_1_214' title='bbox 1234 3450 1271 3513; x_wconf 87' lang='lat' dir='ltr'>fit</span> <span class='ocrx_word' id='word_1_215' title='bbox 1287 3460 1462 3529; x_wconf 76' lang='lat' dir='ltr'>contactus,</span> <span class='ocrx_word' id='word_1_216' title='bbox 1479 3459 1511 3513; x_wconf 86' lang='lat' dir='ltr'>et</span> 
     </span>
     <span class='ocr_line' id='line_1_27' title="bbox 371 3570 1514 3652; baseline 0.003 -23"><span class='ocrx_word' id='word_1_217' title='bbox 371 3570 441 3631; x_wconf 82' lang='lat' dir='ltr'>inde</span> <span class='ocrx_word' id='word_1_218' title='bbox 458 3572 635 3633; x_wconf 84' lang='lat' dir='ltr'>Democrito</span> <span class='ocrx_word' id='word_1_219' title='bbox 656 3579 704 3634; x_wconf 86' lang='lat' dir='ltr'>est</span> <span class='ocrx_word' id='word_1_220' title='bbox 720 3593 848 3634; x_wconf 86' lang='lat' dir='ltr'>vacuum</span> <span class='ocrx_word' id='word_1_221' title='bbox 865 3575 1057 3635; x_wconf 86' lang='lat' dir='ltr'>interiectum</span> <span class='ocrx_word' id='word_1_222' title='bbox 1075 3572 1263 3652; x_wconf 87' lang='lat' dir='ltr'>corporibus.</span> <span class='ocrx_word' id='word_1_223' title='bbox 1281 3573 1324 3632; x_wconf 84' lang='lat' dir='ltr'>Et</span> <span class='ocrx_word' id='word_1_224' title='bbox 1340 3573 1411 3650; x_wconf 86' lang='lat' dir='ltr'>quia</span> <span class='ocrx_word' id='word_1_225' title='bbox 1425 3573 1514 3633; x_wconf 89' lang='lat' dir='ltr'>mini-</span> 
     </span>
     <span class='ocr_line' id='line_1_28' title="bbox 371 3692 1512 3773; baseline 0.002 -21"><span class='ocrx_word' id='word_1_226' title='bbox 371 3713 450 3752; x_wconf 86' lang='lat' dir='ltr'>rnum</span> <span class='ocrx_word' id='word_1_227' title='bbox 469 3713 487 3751; x_wconf 89' lang='lat' dir='ltr'>a</span> <span class='ocrx_word' id='word_1_228' title='bbox 504 3692 650 3769; x_wconf 85' lang='lat' dir='ltr'>minimis,</span> <span class='ocrx_word' id='word_1_229' title='bbox 668 3713 728 3753; x_wconf 91' lang='lat' dir='ltr'>non</span> <span class='ocrx_word' id='word_1_230' title='bbox 748 3694 886 3754; x_wconf 87' lang='lat' dir='ltr'>omnibus</span> <span class='ocrx_word' id='word_1_231' title='bbox 900 3694 1032 3773; x_wconf 84' lang='lat' dir='ltr'>punctis,</span> <span class='ocrx_word' id='word_1_232' title='bbox 1057 3693 1111 3755; x_wconf 83' lang='lat' dir='ltr'>sed</span> <span class='ocrx_word' id='word_1_233' title='bbox 1127 3701 1210 3753; x_wconf 86' lang='lat' dir='ltr'>certo</span> <span class='ocrx_word' id='word_1_234' title='bbox 1233 3713 1358 3753; x_wconf 86' lang='lat' dir='ltr'>numero</span> <span class='ocrx_word' id='word_1_235' title='bbox 1376 3692 1512 3755; x_wconf 88' lang='lat' dir='ltr'>definitis</span> 
     </span>
     <span class='ocr_line' id='line_1_29' title="bbox 371 3810 1512 3891; baseline 0.002 -23"><span class='ocrx_word' id='word_1_236' title='bbox 371 3810 545 3887; x_wconf 80' lang='lat' dir='ltr'>attingitur,</span> <span class='ocrx_word' id='word_1_237' title='bbox 566 3830 754 3886; x_wconf 84' lang='lat' dir='ltr'>consequens</span> <span class='ocrx_word' id='word_1_238' title='bbox 769 3819 828 3887; x_wconf 86' lang='lat' dir='ltr'>est,</span> <span class='ocrx_word' id='word_1_239' title='bbox 850 3819 883 3871; x_wconf 87' lang='lat' dir='ltr'>ut</span> <span class='ocrx_word' id='word_1_240' title='bbox 907 3811 988 3872; x_wconf 87' lang='lat' dir='ltr'>inter</span> <span class='ocrx_word' id='word_1_241' title='bbox 1008 3811 1171 3891; x_wconf 81' lang='lat' dir='ltr'>sphaeram</span> <span class='ocrx_word' id='word_1_242' title='bbox 1194 3817 1342 3869; x_wconf 83' lang='lat' dir='ltr'>attactam</span> <span class='ocrx_word' id='word_1_243' title='bbox 1359 3818 1390 3870; x_wconf 87' lang='lat' dir='ltr'>et</span> <span class='ocrx_word' id='word_1_244' title='bbox 1407 3810 1512 3888; x_wconf 86' lang='lat' dir='ltr'>pluras</span> 
     </span>
     <span class='ocr_line' id='line_1_30' title="bbox 374 3927 1511 4008; baseline 0.002 -21"><span class='ocrx_word' id='word_1_245' title='bbox 374 3929 521 4007; x_wconf 81' lang='lat' dir='ltr'>sphaeras</span> <span class='ocrx_word' id='word_1_246' title='bbox 540 3930 729 4005; x_wconf 82' lang='lat' dir='ltr'>attingentes</span> <span class='ocrx_word' id='word_1_247' title='bbox 747 3928 948 4008; x_wconf 78' lang='lat' dir='ltr'>pyramidalis</span> <span class='ocrx_word' id='word_1_248' title='bbox 970 3927 1119 4005; x_wconf 84' lang='lat' dir='ltr'>quaedam</span> <span class='ocrx_word' id='word_1_249' title='bbox 1140 3927 1255 4005; x_wconf 84' lang='lat' dir='ltr'>figurae</span> <span class='ocrx_word' id='word_1_250' title='bbox 1282 3927 1387 4005; x_wconf 84' lang='lat' dir='ltr'>spacia</span> <span class='ocrx_word' id='word_1_251' title='bbox 1413 3928 1511 3989; x_wconf 85' lang='lat' dir='ltr'>resul-</span> 
     </span>
     <span class='ocr_line' id='line_1_31' title="bbox 305 4043 1511 4124; baseline 0 -18"><span class='ocrx_word' id='word_1_252' title='bbox 305 4048 348 4110; x_wconf 81' lang='lat'>30</span> <span class='ocrx_word' id='word_1_253' title='bbox 371 4056 448 4124; x_wconf 82' lang='lat' dir='ltr'>tent,</span> <span class='ocrx_word' id='word_1_254' title='bbox 469 4048 548 4108; x_wconf 84' lang='lat' dir='ltr'>siout</span> <span class='ocrx_word' id='word_1_255' title='bbox 565 4048 646 4107; x_wconf 80' lang='lat' dir='ltr'>inter</span> <span class='ocrx_word' id='word_1_256' title='bbox 663 4067 717 4107; x_wconf 83' lang='lat' dir='ltr'>sex</span> <span class='ocrx_word' id='word_1_257' title='bbox 732 4047 861 4107; x_wconf 87' lang='lat' dir='ltr'>circulos</span> <span class='ocrx_word' id='word_1_258' title='bbox 880 4047 1070 4122; x_wconf 82' lang='lat' dir='ltr'>attingentes</span> <span class='ocrx_word' id='word_1_259' title='bbox 1087 4043 1230 4123; x_wconf 74' lang='lat' dir='ltr'>aequales</span> <span class='ocrx_word' id='word_1_260' title='bbox 1248 4053 1279 4105; x_wconf 86' lang='lat' dir='ltr'>et</span> <span class='ocrx_word' id='word_1_261' title='bbox 1295 4064 1385 4104; x_wconf 85' lang='lat' dir='ltr'>unum</span> <span class='ocrx_word' id='word_1_262' title='bbox 1402 4066 1511 4122; x_wconf 83' lang='lat' dir='ltr'>acqua·</span> 
     </span>
    </p>
   </div>
   <div class='ocr_carea' id='block_1_7' title="bbox 370 4164 1513 4246">
    <p class='ocr_par' dir='ltr' id='par_1_14' title="bbox 370 4164 1513 4246">
     <span class='ocr_line' id='line_1_32' title="bbox 370 4164 1513 4246; baseline -0.003 -18"><span class='ocrx_word' id='word_1_263' title='bbox 370 4171 429 4228; x_wconf 86' lang='lat' dir='ltr'>lom</span> <span class='ocrx_word' id='word_1_264' title='bbox 448 4178 594 4230; x_wconf 84' lang='lat' dir='ltr'>attactum</span> <span class='ocrx_word' id='word_1_265' title='bbox 612 4170 762 4246; x_wconf 86' lang='lat' dir='ltr'>triquetra</span> <span class='ocrx_word' id='word_1_266' title='bbox 779 4167 928 4244; x_wconf 82' lang='lat' dir='ltr'>quaedam</span> <span class='ocrx_word' id='word_1_267' title='bbox 939 4186 1036 4228; x_wconf 85' lang='lat' dir='ltr'>vacua</span> <span class='ocrx_word' id='word_1_268' title='bbox 1048 4164 1272 4245; x_wconf 84' lang='lat' dir='ltr'>relinquuntur,</span> <span class='ocrx_word' id='word_1_269' title='bbox 1292 4174 1323 4225; x_wconf 84' lang='lat' dir='ltr'>at</span> <span class='ocrx_word' id='word_1_270' title='bbox 1339 4165 1513 4226; x_wconf 88' lang='lat' dir='ltr'>huiusmodi</span> 
     </span>
    </p>
   </div>
   <div class='ocr_carea' id='block_1_8' title="bbox 468 4400 865 4465">
    <p class='ocr_par' dir='ltr' id='par_1_15' title="bbox 468 4400 865 4465">
     <span class='ocr_line' id='line_1_33' title="bbox 468 4400 865 4465; baseline -0.003 -13"><span class='ocrx_word' id='word_1_271' title='bbox 468 4404 498 4452; x_wconf 75' lang='lat'>15</span> <span class='ocrx_word' id='word_1_272' title='bbox 515 4403 704 4452; x_wconf 81' lang='lat' dir='ltr'>terminorum</span> <span class='ocrx_word' id='word_1_273' title='bbox 720 4400 865 4465; x_wconf 81' lang='lat' dir='ltr'>significat</span> 
     </span>
    </p>
   </div>
   <div class='ocr_carea' id='block_1_9' title="bbox 0 0 1732 5138">
    <p class='ocr_par' dir='ltr' id='par_1_16' title="bbox 0 0 1732 5138">
     <span class='ocr_line' id='line_1_34' title="bbox 0 0 1732 5138; baseline 0 0"><span class='ocrx_word' id='word_1_274' title='bbox 0 0 1732 5138; x_wconf 95' lang='lat' dir='ltr'> </span> 
     </span>
    </p>
   </div>
  </div>
 </body>
</html>
