3428 5138
364 403 404 464 30
802 416 942 464 1611116111
962 411 1065 460 earm

363 592 619 659 accomodatam
634 592 678 658 ad
693 598 807 659 totum
822 592 860 657 in
878 590 1074 679 peripheria
1093 588 1276 655 definitum
1295 585 1397 654 cortis
1411 584 1507 652 habi-

362 717 543 784 tudinibus
561 716 750 784 referendo.
769 717 823 782 48.
846 716 977 800 Facile,
1001 737 1104 782 sensu
1122 715 1197 802 ipso
1219 734 1356 799 quoque
1374 711 1506 796 iudice,

361 843 483 910 iisdem
499 842 692 910 indicamus
704 843 778 929 (ubi
792 865 863 910 non
879 842 1111 931 disputatores
1130 840 1190 908 sed
1208 838 1370 927 discipuli
1388 835 1506 917 661666·
1529 851 1554 901 0
1572 839 1627 903 2⁹

361 969 481 1054 serint)
510 968 602 1055 quod
621 974 723 1035 aucta
752 967 962 1056 peripheria,
988 974 1023 1034 et
1052 969 1120 1034 alio
1144 965 1272 1033 circulo
1297 964 1505 1046 constitute,

316 1099 495 1169 5111111616
514 1100 566 1160 661
584 1093 673 1160 ratio
693 1094 818 1179 contri,
841 1100 888 1179 et,
913 1094 943 1160 si
972 1093 1107 1182 placeat
1137 1092 1263 1177 dicere,
1293 1090 1424 1179 pariter
1454 1095 1506 1155 est

360 1224 520 1307 adaucta;
537 1221 587 1288 ita
599 1228 640 1289 ut
655 1222 745 1289 ratio
759 1204 847 1308 quae
860 1223 1010 1289 sumitur
1024 1222 1068 1289 ab
1085 1222 1212 1309 angulo
1229 1220 1371 1288 sectoris
1387 1218 1506 1286 eadem

360 1349 406 1415 sit
417 1371 505 1435 quae
514 1347 621 1435 prius,
637 1352 672 1413 et
688 1345 816 1414 idcirco
829 1345 1015 1415 difficultas
1031 1370 1102 1415 non
1114 1345 1264 1431 tollitur,
1277 1345 1337 1413 scd
1349 1344 1506 1411 variatur

359 1501 438 1545 cum
456 1476 634 1544 facultatis
653 1475 884 1566 persuasione.
902 1476 1006 1544 Mitto
1026 1477 1119 1563 quod
1149 1476 1292 1543 tandem
1311 1474 1400 1542 nihil
1427 1479 1504 1541 tuto

360 1611 395 1671 et
413 1602 683 1671 demonstrative
706 1602 827 1669 fecisse
855 1609 1010 1691 possunt.
1042 1604 1095 1670 49.
1127 1602 1340 1669 Definientes
1370 1607 1505 1690 partem

296 1740 338 1804 10
361 1730 453 1818 quod
471 1736 524 1796 est
542 1728 795 1816 magnitudinis
813 1729 927 1796 minor
949 1729 1103 1815 maioris,
1128 1752 1207 1797 cum
1230 1729 1344 1796 minor
1362 1728 1506 1796 motitur

360 1855 542 1940 maiorem,
572 1877 696 1943 operae
724 1855 879 1943 precium
910 1861 962 1922 est
989 1862 1030 1922 ut
1049 1862 1220 1942 cogantur
1238 1878 1388 1923 asserere
1412 1855 1505 1942 quod

360 2007 428 2074 quo
448 1985 615 2051 diameter
638 1982 773 2049 excedit
796 1989 936 2069 costam,
955 1983 1040 2072 ipsis
1070 2004 1142 2050 non
1168 1984 1292 2050 debeat
1321 2007 1394 2050 esse
1423 2006 1504 2071 pars

361 2109 531 2177 diametri.
552 2108 720 2175 Similiter
739 2114 774 2174 et
793 2108 905 2175 omnis
922 2108 1037 2197 portio
1057 2108 1215 2175 continui
1239 2130 1328 2195 quae
1351 2109 1419 2177 toti
1437 2115 1502 2194 est,

359 2243 400 2303 ut
418 2236 485 2324 ipsi
503 2237 641 2320 volunt,
659 2241 878 2322 asymmetra.
908 2235 961 2302 50.
976 2233 1144 2302 Similiter
1156 2242 1212 2322 (ex
1231 2234 1502 2322 inadvertentia,

295 2375 336 2440 15
360 2366 473 2451 credo)
489 2365 675 2451 falluntur,
692 2387 771 2431 cum
787 2362 959 2431 definiunt
975 2364 1158 2452 multiplex
1175 2387 1247 2431 esse
1266 2364 1378 2432 maius
1396 2365 1505 2432 mino·

360 2491 422 2576 ris,
438 2514 517 2558 cum
526 2490 688 2557 videlicet
698 2490 812 2557 minor
825 2513 906 2578 pars
920 2491 1065 2557 metitur
1080 2491 1258 2575 maiorem;
1269 2490 1400 2559 addens
1411 2492 1504 2558 enim

360 2617 392 2682 ei
411 2617 503 2704 quod
521 2616 678 2705 proxime
696 2617 829 2683 dictum
848 2624 913 2702 est,
931 2640 1095 2705 quaeram
1114 2617 1158 2685 ab
1175 2617 1260 2705 ipsis
1285 2641 1331 2685 an
1346 2618 1415 2685 duo
1432 2618 1504 2684 sint

359 2744 478 2811 multa.
502 2743 590 2810 (lum
614 2743 719 2809 etiam
738 2744 926 2810 terminum
950 2742 1122 2810 definiunt
1153 2744 1245 2830 quod
1274 2744 1422 2811 alicuius
1452 2750 1504 2810 est

359 2879 563 2956 extremum,
588 2871 726 2938 videtur
755 2893 826 2937 non
857 2869 1062 2958 simpliciter
1091 2893 1230 2954 verum;
1261 2871 1344 2957 quia
1373 2870 1504 2937 alicubi

292 3000 336 3065 20
358 2996 450 3064 inter
471 3005 624 3065 extrema
643 3005 696 3065 est
715 2997 849 3064 medius
867 2997 1050 3083 terminus,
1070 3002 1105 3064 61
1128 2997 1166 3063 111
1183 3020 1310 3085 genere
1328 2998 1502 3086 magnitu-

358 3127 493 3211 dinum,
510 3149 589 3194 cum
607 3125 676 3193 duo
695 3125 767 3191 sint
785 3125 926 3192 termini
950 3124 1071 3193 circuli
1089 3132 1125 3192 et
1144 3125 1323 3214 sphaerae,
1342 3133 1501 3194 centrum

358 3253 520 3320 videlicet
549 3259 653 3339 atquc
685 3251 896 3341 peripheria,
927 3252 1086 3339 quamvis
1112 3253 1197 3319 haec
1224 3252 1365 3340 proprie
1392 3259 1503 3320 extre·

358 3402 466 3464 mum,
495 3379 582 3446 illud
611 3386 728 3445 tamen
758 3378 995 3467 propriissime
1022 3378 1174 3446 medium
1197 3378 1300 3445 debet
1323 3380 1501 3468 appellari.

359 3502 426 3571 Sed
445 3511 565 3571 contra
582 3505 781 3572 libertatem
800 3505 961 3572 dictionis
978 3528 1048 3572 non
1068 3506 1198 3593 urgebo
1225 3529 1338 3593 neque
1368 3529 1502 3594 urgear.

293 3634 335 3698 25
359 3632 412 3696 hl.
437 3630 599 3720 Corporis
618 3631 703 3698 item
722 3637 916 3698 extremum
939 3655 999 3698 seu
1018 3632 1206 3698 terminum
1230 3654 1309 3698 cum
1332 3632 1501 3700 definiant

359 3759 589 3845 superficiem,
620 3759 798 3847 (1166111661
820 3783 944 3849 corpus
974 3760 1062 3827 illud
1092 3783 1164 3826 6666
1194 3759 1287 3846 quod
1318 3762 1501 3849 superficie
1524 3780 1550 3831 c
1567 3767 1620 3832 3¹·

357 3883 578 3970 terminatur,
604 3908 649 3952 an
673 3886 842 3973 (inquam)
866 3887 1109 3954 excusabiliter
1132 3894 1264 3972 errant,
1287 3888 1349 3955 ubi
1371 3890 1504 3977 pariter

359 4018 550 4080 extremum
567 4020 601 4080 et
617 4015 805 4082 terminum
819 4016 982 4103 sphaerae
997 4015 1201 4101 intelligunt
1220 4023 1379 4083 centrum
1398 4024 1504 4105 atque

358 4140 611 4228 peripheriam?
642 4142 700 4206 An
719 4164 789 4208 non
817 4148 851 4208 61
879 4149 1030 4229 punctus
1059 4142 1317 4229 contingentiae
1350 4143 1498 4211 duarum

452 4393 549 4444 1.4.22
566 4392 745 4459 periphaeria
756 4411 769 4444 e
782 4392 935 4444 siniilmenlc
946 4393 1047 4444 altrocc
1123 4394 1153 4444 14
1170 4394 1306 4447 asimetru
