3428 5138
353 368 411 425 150
660 382 798 428 roenrru
819 383 920 429 eevur
943 385 986 428 nr.
1006 385 1140 447 ummo,
1166 385 1184 429 1.

351 539 568 627 Quapropter
586 540 752 626 gradibus
768 540 871 606 certis
890 548 995 626 atque
1014 541 1134 607 ordine
1150 550 1244 607 certo

351 656 415 721 Est
433 678 532 744 opus;
551 679 591 722 ac
608 656 761 744 primum
778 656 858 723 falsi
874 657 1079 724 fundamina
1098 659 1211 746 prima

350 772 545 859 Tollantur,
565 795 652 858 quae
671 775 810 840 naturai
828 775 1031 863 extinguere
1049 776 1160 842 lucem

350 886 514 972 Suerunt,
534 895 570 954 et
588 889 718 956 clarum
734 891 879 957 rationis
898 915 1058 980 rumpere
1077 913 1223 958 cursum.

305 1092 326 1155 b
430 1113 447 1160 u
469 1103 495 1160 1.
513 1101 560 1160 Ex
587 1100 753 1180 praedictis
775 1103 948 1164 necessario
969 1102 1101 1163 infertur
1122 1103 1237 1163 minimi
1258 1102 1490 1180 contemplatio·
1515 1097 1647 1175 1³30

350 1243 418 1284 nem
429 1230 493 1282 tum
510 1225 723 1302 necessariam,
736 1234 801 1285 tum
812 1225 844 1284 in
856 1225 962 1304 primis
972 1235 1043 1285 ante
1054 1224 1233 1302 naturalem,
1245 1223 1493 1283 mathematicam

350 1347 441 1416 atque
467 1339 709 1418 metaphysicam
738 1340 898 1402 scientiam
929 1340 1183 1402 constituendam.
1212 1340 1368 1399 Plurimae
1395 1338 1492 1417 enim,

348 1456 488 1532 quamvis
502 1455 635 1519 diversis
647 1458 824 1537 rationibus,
838 1455 1003 1519 facultates
1018 1458 1099 1519 circa
1109 1457 1349 1537 magnitudinem
1365 1476 1494 1516 versan-

349 1581 414 1649 tur,
433 1574 615 1650 praesertim
632 1595 706 1635 vero
725 1576 908 1653 geometria,
926 1596 1004 1652 quae
1022 1575 1225 1637 mensurando
1242 1575 1355 1653 figurat
1372 1583 1404 1634 et
1420 1573 1496 1653 figu-

285 1682 328 1747 10
350 1692 446 1752 raudo
463 1702 629 1753 mensurat.

449 1810 508 1869 ifi.
529 1808 608 1868 Heio
624 1829 712 1888 vero,
732 1811 870 1884 quamvis
889 1810 977 1889 praxi
997 1810 1167 1888 speculatio
1184 1810 1225 1870 sit
1242 1807 1362 1870 adnexa
1379 1815 1412 1867 et
1428 1827 1495 1887 spe·

350 1927 494 1988 culationi
511 1927 630 2006 praxis,
644 1928 841 2007 praecipuum
859 1935 961 1988 tamen
979 1936 1050 1989 ante
1067 1927 1248 1988 intentionis
1266 1928 1371 1988 oculos
1385 1946 1496 2006 propo·

350 2045 442 2106 situm
460 2053 508 2106 est
523 2046 575 2106 lux
591 2045 749 2123 veritatis,
768 2063 846 2122 quae
863 2046 913 2106 vel
931 2045 999 2123 ipso
1020 2045 1174 2106 interdum
1198 2064 1292 2124 opere
1320 2043 1494 2121 effectuque

349 2171 541 2224 contestante
558 2163 744 2241 declaretur,
766 2183 842 2241 quae
865 2162 931 2224 sola
953 2165 1009 2224 sub
1036 2164 1149 2224 vexillo
1176 2162 1369 2224 aeternitatis
1389 2162 1494 2223 immo·

284 2278 326 2342 15
348 2281 420 2342 bilis
437 2289 469 2340 et
485 2279 676 2341 invariabilis
693 2287 882 2360 perseverat.

428 2408 445 2456 ii
462 2400 510 2459 22.
531 2398 576 2458 Ut
591 2406 693 2458 autom
710 2397 750 2457 ad
769 2396 911 2458 veritatis
932 2396 1139 2476 receptionem
1158 2395 1267 2457 melius
1282 2397 1406 2475 ingenia
1430 2397 1492 2458 dis·

348 2525 514 2597 ponantur,
542 2537 561 2577 a
587 2516 785 2577 demolitione
813 2516 1081 2576 fundamentorum
1109 2513 1257 2576 falsitatis
1289 2522 1338 2575 est
1364 2533 1489 2594 progre-

348 2636 501 2697 diendum.

801 2959 953 3025 oAPVu
986 2957 1045 3022 VI.

567 3130 651 3170 Adeas
663 3131 702 3181 qui
714 3130 847 3170 continuum
859 3130 882 3168 tn
898 3128 1012 3168 infinitum
1025 3126 1139 3167 divisibile
1151 3127 1276 3177 accipiunt.

435 3319 607 3406 Perpetuo
626 3326 739 3385 totum
759 3320 796 3385 in
812 3320 942 3407 parteis
960 3326 1087 3386 natura
1110 3318 1285 3384 resolvens

346 3438 425 3503 Non
443 3438 541 3502 venit
556 3435 600 3503 ad
619 3437 815 3523 minimum,
836 3447 871 3503 et
890 3439 985 3505 nulla
1004 3436 1138 3503 ratione
1157 3458 1218 3522 per
1234 3440 1344 3500 artem

348 3554 493 3641 (Vulgus
521 3554 582 3637 ait)
602 3561 769 3640 quantum
790 3561 945 3621 occurret
964 3554 1037 3620 sine
1060 3551 1217 3640 partibus
1233 3550 1322 3616 ullis.

347 3672 479 3759 Nempe
498 3671 548 3737 ita
564 3670 606 3735 de
624 3693 739 3737 rerum
759 3678 884 3737 natura
903 3671 1034 3736 iudicat
1053 3692 1138 3754 esee,

280 3796 324 3858 ‘25
347 3790 397 3856 Ut
414 3788 554 3877 proprio
574 3789 611 3853 in
631 3811 733 3855 sensu
753 3788 919 3873 uumeriS,
936 3786 1073 3870 studiis,
1093 3785 1221 3853 rationi

346 3906 482 3970 Adtlere
500 3928 571 3971 non
591 3912 700 3971 cessat
719 3927 913 3989 numerum,
932 3903 1099 3986 studium,
1119 3901 1299 3983 rationem,

347 4021 498 4087 Vocibus
518 4027 552 4085 et
571 4043 671 4088 voces
691 4028 894 4106 nectuntur,
914 4021 1087 4104 verbaque
1105 4015 1230 4082 verbis.

348 4136 457 4221 Atqui
476 4136 636 4203 materies
656 4159 770 4203 coram
789 4136 889 4203 finita
908 4141 1046 4223 recepta

348 4253 476 4318 Finitis
495 4275 634 4340 prorsus
651 4254 811 4319 consistit
828 4251 987 4341 partibus
1006 4246 1131 4331 omnis,

281 4372 325 4437 30
349 4370 386 4434 Si
406 4370 542 4456 quando
566 4371 655 4437 rat-io
672 4378 870 4466 naturaque¹
883 4366 1008 4434 dividit
1022 4386 1144 4449 unum,
