3428 5138
696 417 837 464 Ionum
858 417 960 463 BRVNI

689 722 754 788 ΙΠ.
778 723 982 789 Aamovnvs.

275 1058 278 1064 ,
346 986 508 1053 Mensura
538 986 580 1070 (si
610 985 653 1052 ad
682 986 755 1051 eius
786 986 920 1052 obiecta
954 986 1191 1073 inspiciamus)
1218 988 1331 1076 primo
1362 989 1401 1056 in

256 1115 453 1183 substantia
477 1137 536 1182 seu
560 1113 708 1181 essentia
732 1112 863 1179 indicat
886 1121 1031 1180 naturae
1054 1120 1276 1182 momentum.
1300 1118 1331 1183 2.
1356 1117 1399 1183 Ι1

255 1241 432 1329 11111111
452 1245 552 1327 (quac
576 1240 776 1306 immediate
799 1239 1021 1325 consequitur
1034 1240 1231 1326 essentiam)
1254 1243 1397 1310 virtutis
1422 1237 1517 1302 b2'

211 1372 291 1436 bot
314 1367 486 1435 efficaciae
510 1367 685 1434 terminos.
715 1368 745 1431 3.
776 1366 871 1433 Haec
901 1366 1019 1434 eadem
1053 1367 1090 1433 in
1119 1368 1256 1434 actione
1295 1376 1400 1456 atque

256 1496 427 1585 passione;
453 1494 601 1561 essentia
630 1493 771 1581 quippe,
795 1492 943 1559 facultas
973 1500 1007 1559 et
1030 1494 1183 1583 operatio
1208 1496 1399 1563 certissimo

258 1624 407 1711 quodam
426 1646 462 1690 se
485 1628 742 1707 consequuntur
765 1621 894 1688 ordine.
914 1623 945 1688 4.
969 1623 1012 1689 In
1035 1605 1260 1692 multitudine
1282 1649 1400 1694 nume·

256 1775 346 1837 rum,
367 1751 427 1837 qui
446 1756 480 1816 et
499 1748 702 1836 figurationi
720 1748 903 1814 subiicitur
921 1749 1104 1817 interdum.
1129 1752 1160 1818 5.
1178 1753 1227 1819 111
1244 1753 1399 1842 physicis

257 1880 435 1949 elementis
454 1878 518 1944 sub
538 1876 644 1942 variis
663 1875 917 1942 dimensionum
933 1877 1139 1945 differentiis
1164 1880 1274 1963 (iuxta
1292 1885 1400 1969 parti·

193 2015 235 2079 10
258 2009 468 2099 oipationem
497 2002 599 2072 vacui
638 2009 742 2088 atquo
768 2002 877 2090 pleni)
908 2003 1043 2092 pondus
1077 2012 1182 2092 atque
1208 2008 1398 2081 levitatem.

258 2138 288 2203 6.
312 2136 356 2201 In
387 2134 614 2200 discretorum
633 2130 894 2197 coacervatione
917 2136 1083 2198 metretae
1106 2133 1245 2220 specics.
1265 2136 1295 2201 7.
1314 2135 1399 2202 Am·

257 2264 387 2353 phorce
417 2258 631 2327 differentias
663 2257 701 2323 in
733 2254 884 2342 liquidis.
907 2257 939 2321 8.
962 2256 1005 2322 In
1032 2257 1186 2324 locorum
1210 2260 1399 2328 situatione

259 2389 462 2456 distantiam
481 2387 537 2452 vel
552 2383 862 2473 propinquitatem,
883 2382 1053 2448 imitatem
1077 2406 1212 2470 quoque
1236 2394 1270 2451 et
1293 2386 1398 2453 subli-

257 2516 425 2581 mitatem.
444 2514 475 2578 9.
494 2511 537 2575 11
555 2516 710 2597 tempore
733 2507 926 2574 durationis
945 2508 1075 2594 species
1093 2508 1191 2574 iuxta
1214 2509 1399 2579 brevitatis

193 2650 234 2714 15
258 2648 292 2708 ct
321 2638 563 2706 diuturnitatis
586 2635 809 2703 differentias.
840 2636 890 2700 10.
914 2634 957 2700 Ι1
980 2634 1069 2701 mole
1097 2656 1157 2702 seu
1184 2635 1400 2706 dimensione

259 2765 537 2854 magnitudinem
555 2769 660 2849 atque
676 2762 895 2850 parvitatem.
917 2762 968 2826 11.
987 2759 1168 2826 Interdum
1186 2762 1224 2828 in
1243 2763 1399 2832 numeris

259 2890 519 2960 multitudinem
542 2895 645 2974 atque
667 2887 847 2953 rationem.
868 2887 919 2952 12.
938 2885 981 2951 In
999 2907 1083 2951 voce
1106 2885 1310 2973 simpliciter
1333 2887 1400 2955 dif-

258 3017 423 3084 ferentias
449 3015 542 3081 acuti
566 3021 669 3099 atque
690 3008 818 3099 grffis.
845 3013 896 3077 13.
919 3011 962 3076 In
989 3031 1073 3076 voce
1095 3009 1297 3078 harmonica
1320 3013 1398 3080 toni

258 3142 481 3209 differentias.
496 3142 546 3206 14.
560 3140 732 3206 Accontus
745 3136 957 3203 differentias
972 3136 1010 3202 in
1026 3137 1268 3224 significativa.
1281 3140 1333 3204 15.
1349 3139 1393 3206 In

191 3275 235 3338 20
257 3268 369 3354 figura
395 3267 543 3332 laterum
572 3274 676 3350 atque
703 3264 886 3351 planorum
917 3261 1082 3327 ordinem.
1108 3262 1160 3326 16.
1183 3261 1226 3328 ln
1247 3263 1398 3330 maxime

257 3393 526 3484 particularibus
541 3391 802 3480 proprietatem
822 3388 976 3455 collectio
996 3387 1124 3475 quippe
1142 3388 1397 3477 proprietatum

259 3529 323 3604 est,
342 3542 409 3607 qua
428 3517 549 3584 finitur
575 3517 647 3583 sive
670 3514 832 3580 definitur
855 3512 1133 3599 unumquodque.
1156 3513 1252 3579 Haeo
1275 3514 1396 3582 omnia

259 3667 439 3712 mensurae
452 3643 660 3730 significata,
675 3640 756 3705 licet
775 3639 824 3705 ita
841 3660 968 3724 genere
985 3636 1162 3722 clifforant,
1180 3638 1399 3723 quomadmo-

259 3772 341 3838 dum
360 3771 575 3856 singulorum
593 3768 804 3852 homogenea
823 3771 1020 3829 mensurata
1037 3784 1163 3848 genere
1186 3785 1258 3830 non
1277 3787 1400 3832 conve-

192 3905 236 3969 ‘25
260 3898 376 3982 niunt,
396 3897 446 3962 nil
462 3906 579 3961 tamon
596 3893 692 3959 obest
711 3891 893 3979 quominus
909 3887 1076 3975 quaedam
1092 3896 1127 3953 et
1142 3889 1341 3979 praecipual
1356 3914 1399 3959 ex
1422 3896 1516 3960 b3=

258 4022 312 4088 his
331 4024 395 4089 sub
426 4022 528 4088 unius
557 4019 642 4086 artis
662 4017 832 4084 rationem
851 4021 885 4080 et
914 4012 1016 4079 unius
1039 4009 1143 4075 medii
1169 4034 1314 4080 examen
1340 4037 1397 4081 ra·

260 4148 356 4214 leant
380 4168 597 4231 concurrere,
618 4152 657 4210 ut
676 4141 860 4209 videbitur.
