3428 5138
620 435 665 478 nn
685 434 797 478 mmm
820 434 1025 480 nx1srnxr1n.
1337 425 1394 484 145

247 589 293 654 Et
312 596 469 654 centrum
489 596 542 654 est
561 612 669 655 unum
688 590 724 655 in
745 596 832 671 tote,
853 596 965 658 totum
984 597 1089 677 atque
1107 616 1169 680 per
1187 616 1302 677 omne3
1335 585 1341 603 ’
1416 611 1456 672 p.
1476 596 1536 658 15

247 707 336 773 Nem
355 730 493 773 versum
512 730 647 793 queque
662 707 726 774 hoc
742 708 816 774 sine
833 710 901 774 fine
920 716 972 775 est
990 711 1144 797 undiquc
1163 718 1316 796 tantum,

248 824 526 911 Xenophenique
545 823 621 890 ideo
640 823 793 910 aequalis
808 823 878 890 fuit
896 826 1050 911 undique
1069 827 1222 915 sphaera.

246 941 454 1026 Finitusque
472 941 608 1027 globus,
630 940 788 1027 quamvis
806 964 876 1008 non
893 942 1047 1027 undique
1065 950 1200 1029 tantuS,

201 1061 222 1124 5
248 1057 309 1121 Est
328 1078 437 1122 unum
456 1061 573 1120 tamen
592 1079 612 1121 a
631 1054 743 1121 medio
760 1056 929 1123 dimensio
948 1058 1076 1145 triplex

246 1173 454 1240 Antrorsum
474 1179 508 1239 et
527 1196 663 1240 sursum
682 1181 938 1262 retrorsumque
957 1183 1061 1263 atque
1080 1178 1241 1245 deorsum

246 1290 292 1354 Et
311 1290 470 1355 dextrum
490 1296 524 1355 et
543 1290 688 1356 laevum.
709 1290 747 1356 Si
765 1313 892 1377 gyrum
912 1292 1186 1380 cunctiparentis

245 1405 394 1471 Telluris
414 1412 558 1493 spectes,
580 1429 647 1491 quo
667 1429 702 1472 se
720 1429 783 1494 pro
802 1407 877 1473 luce
896 1407 1022 1474 diurne

245 1522 408 1610 Expedit,
429 1529 480 1588 est
499 1529 648 1609 punctus
668 1523 864 1609 quicunque
880 1545 1019 1591 occasus
1039 1532 1073 1591 et
1088 1535 1195 1610 ortus,

181 1642 222 1704 10
246 1640 290 1703 Et
308 1639 409 1704 cardo
429 1638 561 1704 mediae
580 1638 692 1704 noctis
711 1639 911 1724 mediaeque
930 1640 1012 1724 diei,

246 1756 401 1834 Quilibet
424 1763 528 1842 etque
547 1757 636 1823 alius
655 1780 722 1843 quo
742 1758 788 1824 sit
804 1757 1002 1825 discrimine
1022 1783 1166 1847 cunque.

245 1874 394 1939 Proinde
414 1874 519 1940 etin-m
536 1875 674 1941 obiectu
693 1876 839 1943 veniunt
858 1877 1031 1945 contrarie
1050 1879 1086 1943 in
1105 1902 1174 1946 uno

245 1992 346 2076 Heic,
366 1992 427 2058 ubi
445 1991 599 2058 nonullo
616 1999 778 2057 constant
797 1993 972 2060 disiuncta
992 1994 1180 2082 profunde,

246 2108 287 2172 In
307 2107 403 2193 cyclo
422 2116 526 2193 atque
544 2107 661 2193 glob0,
682 2130 834 2174 convexa
853 2115 958 2195 etque
978 2110 1100 2175 inceva
1118 2109 1247 2193 forme,

181 2229 221 2292 15
245 2223 369 2302 Quales
389 2223 560 2310 dispescat
577 2224 638 2290 vix
656 2224 727 2289 ulle
745 2224 896 2290 intentio
915 2233 949 2291 et
965 2232 1076 2310 actus,

245 2342 369 2418 Quales
389 2341 570 2407 subiectim
590 2341 686 2407 nulle
704 2343 838 2408 ratione
858 2364 1010 2408 seorsum

244 2460 327 2523 Esse
347 2467 406 2524 nut
425 2457 560 2524 adsumi
583 2466 737 2545 possunt.
758 2459 881 2524 Nonne
901 2458 1042 2546 insuper
1056 2482 1150 2526 unus

244 2573 360 2658 Atque
377 2572 465 2637 idem
486 2580 648 2659 punctim,
669 2595 747 2638 cum
766 2573 903 2658 exurgit
923 2572 1014 2638 linea
1033 2573 1137 2659 pleno

244 2691 323 2758 Uno
342 2714 360 2756 e
379 2690 546 2774 subiecto,
566 2690 669 2755 simul
688 2697 740 2755 est
763 2690 906 2757 obtusus
925 2697 1113 2777 acutusque

177 2812 222 2874 ‘20
244 2806 404 2893 Angulus
424 2806 593 2894 expliciti,
614 2829 684 2873 non
703 2807 773 2872 ulla
792 2813 884 2873 sorte
902 2806 1080 2894 dirempti,

245 2925 331 2989 Cum
351 2931 441 2989 certe
461 2923 627 2989 ambobus
646 2931 796 3011 punctus
815 2923 1047 2990 substernitur
1066 2924 1139 3006 ille,

245 3040 355 3127 Inque
375 3040 469 3106 illum
491 3041 666 3106 intereunt
686 3041 801 3124 simul,
818 3046 926 3126 utque
945 3040 1105 3108 oriuntur
1124 3042 1168 3108 ab
1188 3042 1270 3109 illo?

244 3160 506 3247 Conceptusque
525 3182 623 3226 urens
643 3161 779 3227 minimi
798 3160 1011 3247 chordaeque
1031 3161 1114 3246 quid
1131 3161 1286 3247 obstant,

245 3276 281 3339 Si
302 3298 411 3359 neque
431 3273 616 3340 discrimen
635 3281 776 3361 norunt,
794 3275 878 3341 hoec
896 3276 1046 3341 maxima
1066 3282 1101 3341 et
1119 3275 1200 3340 ille?
1240 3324 1244 3335 .

176 3392 219 3454 ⁶25
244 3392 275 3454 A
295 3390 438 3456 minimo
458 3390 554 3476 cyclo
572 3390 655 3474 quid
673 3391 789 3457 differt
808 3393 975 3457 dirnetrus
994 3391 1087 3457 eius?

244 3506 396 3571 Maxima
416 3507 499 3591 quid
519 3506 651 3572 distant
669 3516 774 3592 rectu,
795 3532 894 3575 arcus
913 3516 948 3573 et
967 3508 1102 3593 integer
1118 3508 1192 3593 ipse

245 3623 415 3705 Circulus,
436 3632 475 3689 ut
494 3632 606 3689 rectae
625 3633 676 3691 est
695 3628 772 3714 plus
792 3649 930 3692 consors
949 3626 1097 3714 amplior
1115 3628 1239 3691 arcus?

244 3741 337 3825 Ergo
359 3740 530 3805 infinitam
548 3743 584 3806 in
604 3741 726 3807 molem
747 3743 838 3828 quod
857 3768 893 3808 se
911 3743 1074 3831 explieat,
1095 3749 1200 3828 atque

245 3858 468 3923 Contractum
487 3858 669 3925 minimum
685 3859 814 3947 species
829 3860 963 3925 variare
982 3859 1186 3946 nequibunt.

178 3986 222 4047 30
245 3973 423 4056 Centrum,
441 3975 509 4055 uic,
531 3977 660 4060 cyclus,
680 3974 807 4058 chord',
826 3998 918 4059 eirea,
939 3974 1120 4058 dimetrus,
1142 3997 1242 4041 orcus
1362 4005 1388 4043 cn

245 4091 290 4154 Et
309 4089 425 4155 radius
442 4091 536 4156 nullo
552 4091 697 4156 veniunt
716 4092 914 4157 discrimine
933 4113 1047 4157 corani
1413 4116 1454 4179 p.
1473 4101 1535 4164 16

244 4210 384 4292 Omnia,
405 4232 463 4274 seu
484 4210 666 4276 minimum
685 4235 744 4277 seu
764 4211 913 4276 maxima
933 4209 1183 4298 concipiantur.

335 4440 552 4509 dilutior-sum]
570 4440 607 4491 sic
671 4442 701 4491 1-1
717 4448 806 4508 atque
823 4440 928 4493 incana
991 4438 1149 4509 30011ord']
1167 4437 1206 4489 ric

380 4556 454 4596 llucxr
473 4560 528 4604 (ηιμ,
541 4557 580 4595 tu.
595 4555 612 4597 1.
625 4555 645 4594 3.
1202 4553 1226 4593 lt)
