3428 5138
704 392 842 439 IOBDAM
866 392 968 438 uuum

403 698 680 798 IORDAN
687 698 711 795 1
741 696 931 796 BRVN
938 697 961 794 I
993 694 1270 793 NOLANI
1431 697 1521 761 Μ’

733 903 939 964 ARTIGVLI

263 1110 435 1167 ADVERSVS
454 1110 631 1155 VVLGARES
654 1109 908 1155 GEOME'I'RARVM
926 1110 968 1154 ΕΤ
990 1108 1262 1155 ASTRONOMORVM
1281 1106 1407 1152 THRSES

542 1228 584 1271 ΕΤ
606 1226 836 1290 HYPOTHESES,
861 1226 925 1271 PRO
951 1226 1128 1271 vssar'raru.

606 1640 833 1695 MEMBRVM
869 1641 1061 1695 Pitinum.

650 1856 845 1922 Aarrovnvs
865 1856 1007 1922 Pontus.

351 2099 450 2166 Ciroa
467 2096 742 2184 magnitudinem
762 2120 850 2183 quae
868 2104 920 2163 est
935 2098 973 2163 in
991 2120 1117 2185 genere
1132 2098 1352 2185 quantitatiS,
1370 2106 1405 2166 et

261 2250 337 2295 eam
357 2250 445 2314 quae
464 2227 501 2292 in
521 2226 701 2313 qualitatis
719 2248 844 2312 genero
867 2225 1028 2312 figuram,
1052 2232 1163 2293 artem
1186 2227 1251 2295 hae
1268 2228 1405 2295 ratione

262 2377 370 2440 aeque
389 2355 518 2422 versari
538 2354 697 2439 diurnus,
716 2354 798 2440 quia
816 2353 947 2441 pariter
965 2376 1028 2442 pro
1047 2354 1255 2423 formatione
1273 2357 1403 2443 metiri,

196 2492 239 2556 10
261 2488 366 2569 atque
394 2505 457 2570 pro
484 2482 739 2550 mensuratione
763 2483 912 2569 figurare
936 2483 1185 2553 consuevimus.
1210 2485 1240 2551 Ε
1269 2485 1403 2554 duobus

259 2615 375 2677 autem
394 2610 487 2678 haud
505 2612 789 2680 inconvenienter
806 2612 849 2680 ab
874 2634 943 2679 uno
966 2613 1083 2701 potius
1105 2612 1201 2680 faeta
1224 2620 1277 2679 est
1300 2612 1404 2680 deno-

260 2739 408 2807 minatio
423 2763 528 2828 quam
543 2742 665 2826 altero,
683 2740 853 2828 siquidem
872 2740 1002 2828 potiori
1018 2740 1158 2808 tandem
1177 2740 1298 2809 ordine
1316 2742 1403 2830 figu-

260 2868 350 2935 ratio
375 2891 571 2936 mensuram
591 2890 694 2955 quam
718 2854 879 2935 mensura
902 2869 1146 2957 figurationem
1169 2870 1402 2957 consequitur.

258 2996 357 3061 Addo
380 2997 471 3083 quod
494 3020 571 3063 cum
594 2996 687 3065 facto
710 2990 952 3086 comprobetur
975 2996 1264 3084 usulantiquiore
1287 3020 1402 3087 prom·
1426 3009 1513 3074 b1v

194 3130 236 3196 15
259 3123 439 3212 ptiorequo
467 3124 594 3192 notit-ia
627 3124 781 3191 subiecta
810 3125 962 3212 artisque
990 3125 1103 3191 media
1133 3149 1151 3191 e
1188 3134 1281 3192 terra
1314 3150 1402 3214 eque

258 3253 405 3320 terrenis
423 3277 495 3319 esso
518 3252 713 3341 desumpta,
737 3253 853 3320 evenit
882 3260 922 3319 ut
949 3253 1149 3321 universum
1179 3257 1402 3351 mensurandi

259 3388 294 3447 et
317 3381 490 3467 figurandi
520 3382 705 3447 artificium
729 3382 793 3448 sub
817 3382 1037 3450 Geometriae
1059 3384 1163 3451 titulo
1192 3384 1400 3474 inscriptum

259 3515 358 3574 tanto
377 3508 488 3595 magis
507 3517 737 3597 acceptemus,
754 3517 885 3594 quanto
901 3511 1002 3578 nobis
1022 3536 1043 3579 a
1057 3512 1275 3580 literatorum
1293 3513 1399 3600 vulgo

259 3638 398 3704 semotis
414 3638 486 3721 (ubi
502 3637 671 3703 essentiae
687 3638 839 3724 cognitio
856 3661 927 3705 non
946 3639 1093 3728 eripitur
1108 3664 1172 3707 neo
1190 3640 1400 3708 interturba-

191 3774 236 3836 ‘20
258 3774 326 3851 tur)
346 3767 526 3834 nominum
544 3767 639 3833 nulla
658 3788 797 3855 prorsus
816 3789 898 3833 eura
917 3770 1111 3836 conveniat.

689 3984 735 4049 ΙΙ.
759 3983 962 4051 Aauovms.

349 4193 429 4257 Sive
449 4192 720 4279 significationes
739 4216 919 4261 mensurae
937 4192 1174 4282 spectes‚'sivo
1197 4218 1312 4261 rorum
1337 4195 1401 4262 sub

259 4318 323 4383 hoo
346 4340 471 4405 genero
495 4318 759 4388 distributauun
788 4320 943 4388 ordinem
973 4320 1179 4403 consideran,
1205 4344 1400 4389 mensuram
