3428 5138
446 451 491 498 DE
512 448 687 499 PRINCIPHS
708 451 887 502 MENSVRAE
907 451 949 500 ΕΤ
970 448 1126 500 Flavum.
1296 428 1356 498 283

664 849 826 960 annun
851 895 911 959 vr.

389 1116 484 1158 Omnem
499 1116 594 1167 figuram
609 1117 740 1167 explicitam
755 1116 790 1157 val
804 1118 937 1168 implicitam
951 1117 974 1157 in
991 1117 1051 1159 hlaeo
1067 1118 1188 1169 rapui-lam.

309 1386 388 1451 Non
407 1387 459 1450 esi
477 1385 702 1473 principium,
723 1410 791 1453 nou
812 1410 972 1454 mansura
991 1395 1096 1474 atque
1115 1389 1239 1475 figura,
1363 1380 1521 1458 1)·144

221 1500 383 1588 Tripliois
402 1500 503 1567 istius
523 1524 610 1587 quae
629 1524 699 1567 non
718 1502 764 1568 sit
783 1504 827 1569 ab
847 1504 977 1570 ordinis
995 1526 1065 1569 uno

177 1612 198 1676 5
222 1615 295 1681 Aut
313 1615 404 1682 forta
423 1639 443 1681 a
461 1617 600 1702 gemino
619 1619 675 1683 vol
694 1618 809 1686 forsan
830 1620 873 1686 ab
894 1620 1055 1686 omnibus
1076 1629 1163 1704 orta3

208 1731 311 1798 Nam
330 1733 466 1799 varium
485 1732 529 1800 ad
548 1733 652 1799 finam
672 1735 846 1801 interdum
865 1736 922 1801 via
942 1737 1097 1824 carpitur
1116 1759 1202 1822 una,

224 1849 281 1916 Sic
300 1872 409 1915 unum
427 1850 471 1916 ad
489 1851 594 1916 finem
613 1851 795 1918 methodus
813 1874 883 1919 non
902 1875 972 1919 una
991 1860 1154 1941 reportat.
1352 1880 1364 1918 a

222 1965 362 2031 Credita
381 1974 592 2054 quapropter
609 1967 796 2034 foecundas
815 1991 887 2034 osso
905 1969 1048 2054 figuras,

225 2080 319 2158 Quae
339 2104 410 2147 non
428 2089 567 2149 tantum
586 2084 699 2150 omnis
717 2084 853 2170 generis
873 2092 1065 2150 commenta
1085 2084 1227 2150 metriae

159 2203 202 2267 10
223 2198 500 2286 Comprandunt,
519 2221 638 2264 vorum
658 2200 863 2287 archetypos
879 2223 994 2277 rorum
1013 2208 1117 2286 atqua
1135 2200 1250 2286 sigilla

225 2314 405 2402 Expressis
424 2313 581 2380 referunt
600 2314 721 2381 formis
740 2316 824 2382 aiibi
842 2316 1074 2383 memoranda.

225 2431 292 2496 Per
311 2436 453 2497 carnotas
472 2430 595 2496 similis
613 2431 743 2518 parteis
763 2432 897 2498 obiecta
915 2432 1028 2518 figura
1046 2438 1111 2517 ost,

226 2546 326 2612 Clara
345 2553 385 2611 ut
402 2569 443 2611 ex
461 2545 611 2633 propriis
628 2546 694 2612 tibi
714 2546 962 2613 demonstratio
981 2549 1055 2631 fiat3

225 2662 297 2727 Neo
317 2661 362 2726 sit
380 2684 467 2749 opus
486 2662 616 2728 formas
634 2662 834 2749 peregrinas
854 2685 1029 2747 quaerero,
1049 2662 1188 2748 quando

162 2780 203 2845 15
225 2777 313 2843 Heio
332 2778 457 2844 collata
476 2778 543 2844 sibi
562 2786 742 2865 ponuntur
761 2778 915 2845 mambra
933 2778 1101 2861 vicissim,

226 2895 275 2961 Ut
293 2895 466 2980 reliquum
485 2918 505 2960 a
524 2895 657 2981 reliquo
676 2894 877 2982 explicitum
896 2916 958 2981 por
976 2917 1079 2980 sequa
1097 2901 1253 2978 notetur,

227 3010 390 3076 Partibus
409 3010 556 3076 internis
575 3018 702 3094 totum,
721 3017 906 3099 partesque
924 3033 986 3097 par
1005 3010 1128 3098 ipsum.

227 3126 320 3212 Ergo
340 3134 379 3191 ut
399 3126 449 3192 sol
467 3127 609 3214 propria
627 3126 779 3213 perfecto
797 3126 874 3191 luco
892 3124 1032 3192 videtur

227 3241 397 3324 Primum,
419 3250 458 3307 ut
476 3242 577 3307 deinc
596 3243 739 3309 veniant
758 3242 969 3327 reliquorum
990 3242 1143 3329 singula,
1164 3247 1204 3307 ut
1223 3263 1325 3306 omno

161 3359 206 3423 ‘20
228 3359 342 3446 Ipsius
362 3359 469 3425 affusa
487 3382 550 3446 por
568 3366 681 3425 totum
701 3359 739 3424 in
756 3360 832 3425 luco
850 3367 1004 3447 reposta3

228 3474 332 3541 Haud
351 3475 451 3541 alitor
470 3474 601 3541 formae
619 3476 684 3542 hao
703 3474 886 3563 splendent
905 3476 942 3540 in
961 3473 1114 3561 imagine
1133 3482 1290 3557 cunctae,

228 3591 341 3658 Unius
360 3598 402 3658 ut
418 3593 562 3680 partoiS,
583 3615 653 3657 una
672 3600 712 3658 ut
731 3591 935 3658 substantia.
955 3591 1027 3657 Neo
1046 3599 1128 3658 sunt
1345 3619 1371 3656 aa

229 3707 402 3774 Claranda
421 3709 573 3775 externis
592 3709 705 3793 rabuS,
727 3709 794 3775 nisi
814 3709 931 3775 forsan
950 3709 994 3775 ad
1013 3709 1127 3796 ipsum

230 3824 463 3891 Promendum
482 3827 598 3892 lumen
616 3834 762 3914 possunt
781 3826 937 3893 conferre
955 3825 1127 3891 tenebrae.

490 4001 641 4008 .-..--....
1032 3991 1365 4004 ———-—---

324 4097 513 4167 Qrapertarm
531 4098 565 4163 rs.
580 4116 595 4146 a
607 4114 635 4162 p.
653 4099 715 4158 127,
733 4098 765 4146 18
827 4093 1015 4146 Ssaeoundas
1081 4094 1109 4141 11
1127 4091 1242 4141 formis:
1258 4089 1327 4139 alibi
