3428 5138
605 436 651 481 DE
672 437 784 482 ulman
806 438 1012 486 ansanum.

238 591 426 672 Quodlibet
446 591 501 657 aio
520 612 643 677 genuS,
663 592 805 679 species,
824 593 891 677 vis,
911 593 1008 677 ordo,
1028 602 1195 683 potestaS,

238 710 371 794 Passio,
389 709 562 775 sensibilis
581 707 705 792 forma,
725 708 904 794 distantia,
924 717 1074 798 tempus,
1364 743 1377 783 5

239 827 469 912 Momentum,
489 825 639 912 pondua,
659 848 738 909 vox,
760 833 938 911 accentus,
958 826 1061 915 ratio,
1081 827 1137 893 lex

239 943 444 1030 Agnoscunt
467 942 648 1031 proprium
668 943 851 1009 minimum
871 966 973 1031 super
994 966 1161 1032 omneque
1181 969 1355 1034 magnum.

193 1063 214 1126 5
240 1059 297 1126 Sic
316 1061 501 1127 minimum
521 1061 679 1148 planum,
694 1059 877 1126 minimum
892 1060 1122 1148 solidumque,
1137 1063 1189 1128 uti
1208 1071 1379 1151 punctum

238 1175 355 1261 Atque
375 1183 529 1243 atomum
546 1198 670 1263 corpus
689 1198 760 1241 non
779 1175 953 1262 estquod,
973 1176 1086 1263 docte,
1107 1180 1266 1246 resolvas

238 1294 322 1358 Post
340 1291 424 1357 haec
443 1292 629 1379 dupliciter
648 1297 818 1379 punctum
837 1291 1104 1379 distinguimus,
1122 1301 1163 1360 ut
1180 1294 1227 1360 sit
1355 1325 1380 1364 10

239 1408 422 1474 Terminus
437 1407 514 1491 hoc,
535 1407 621 1473 illud
640 1430 722 1474 vero
741 1429 822 1495 pars
841 1407 974 1473 ultima.
991 1409 1038 1474 Et
1056 1408 1124 1475 ista
1148 1478 1151 1483 ,

238 1525 471 1608 Conveniunt,
492 1524 656 1611 quoniam
675 1523 834 1590 neutrius
852 1546 933 1612 pars
948 1524 1052 1591 datur
1070 1547 1244 1612 unquam,
1402 1555 1443 1618 p,
1456 1539 1527 1601 43

174 1642 216 1706 10
238 1640 305 1707 Αο1
323 1640 507 1706 101111111οη1
526 1640 639 1728 prima
657 1646 723 1726 est,
742 1647 880 1707 nonest
898 1663 979 1728 pars
995 1642 1165 1709 terminus
1185 1644 1265 1710 ulla.

239 1758 376 1823 Turbae
395 1757 621 1844 ignorantum
640 1779 812 1842 nusquam
825 1756 909 1823 haec
925 1757 1089 1824 distincta
1108 1758 1284 1844 feruntur,

239 1875 333 1939 Hinc
352 1875 401 1940 010
421 1898 462 1939 ex
478 1874 631 1939 minimis
651 1873 800 1939 nihilum
819 1872 1053 1961 componitur,
1074 1874 1203 1962 inquit,
1357 1906 1382 1944 15

240 1992 423 2057 Terminus
442 1997 481 2057 ut
501 1991 651 2057 nihilum
669 1990 848 2078 componit
867 1990 1033 2075 nullaque
1052 2013 1132 2078 pars
1151 1997 1213 2056 est.

239 2109 289 2174 At
308 2109 492 2175 minimum
511 2108 580 2174 dici
599 2109 697 2174 cuius
716 2130 779 2174 nec
797 2130 877 2195 pars
894 2107 998 2172 datur
1017 2129 1102 2192 una,

177 2231 217 2294 15
243 2227 342 2305 Quod
361 2249 473 2313 neque
491 2249 571 2315 pars
590 2248 661 2291 una
680 2231 745 2309 est,
766 2224 1034 2290 contradictoria
1053 2225 1144 2290 clare

240 2343 416 2429 Implicat,
437 2350 477 2407 01
497 2341 681 2407 minimum
699 2340 737 2406 in
754 2339 924 2407 maiorum
937 2357 1016 2406 'esse
1035 2340 1141 2427 inque
1161 2340 1337 2407 minorum

242 2457 371 2522 Ordine
389 2480 460 2524 non
479 2457 625 2524 dubium
644 2464 708 2542 est,
728 2464 989 2544 extremumque
1008 2457 1129 2523 ordine
1148 2459 1186 2525 in
1206 2459 1283 2526 isto.
1356 2492 1382 2530 10

241 2575 428 2661 Primaque
446 2597 527 2662 pars
547 2575 687 2640 tandem
707 2573 902 2640 substantia
921 2573 1030 2640 totius
1049 2596 1133 2659 una,

243 2691 310 2756 Per
329 2714 432 2777 quam
448 2714 529 2778 pars
549 2698 583 2756 et
603 2690 669 2756 erit
689 2689 859 2777 quidquid
877 2712 956 2777 pars
976 2689 1057 2756 inde
1075 2700 1229 2759 vocatur.

176 2806 220 2869 20
243 2807 381 2872 Turbae
399 2808 624 2893 ignorantum
643 2813 695 2873 est
713 2807 875 2873 immanis
894 2807 1054 2874 machina
1072 2810 1201 2876 montis

243 2922 336 2988 Ante
353 2924 487 3009 oculos,
508 2925 619 2990 lucem
639 2923 881 3012 comprendere
901 2925 1087 3011 quominus
1106 2927 1210 2994 istam

243 3039 372 3125 Possit,
393 3047 433 3105 01
452 3040 489 3106 111
504 3040 657 3128 physicis
676 3040 839 3127 nihilum,
860 3040 948 3107 nihil
967 3041 1072 3129 inquo
1088 3042 1236 3109 mathesi
1357 3072 1383 3113 2⁵

243 3156 426 3238 Proficiat;
448 3157 585 3243 quando
605 3157 749 3223 minimo
768 3157 892 3223 euhoe
911 3157 1026 3223 omnia
1045 3158 1210 3244 pendent,

244 3272 461 3357 Consistunt,
482 3272 715 3339 informantur
733 3280 944 3360 sumantque
960 3275 1098 3360 figuras

179 3386 222 3449 ‘25
247 3390 438 3473 Terminus,
459 3398 499 3456 ut
519 3414 588 3457 non
612 3397 775 3478 estpars,
796 3391 1324 3478 110011111100001111111111101010;

245 3505 334 3570 Nam
355 3506 551 3590 minimum,
572 3529 751 3594 magnum,
774 3507 885 3572 maius
904 3507 1103 3573 discrimina
1119 3509 1229 3595 portis

247 3621 336 3687 Sunt
353 3630 458 3708 atquo
478 3623 624 3709 integri3
640 3646 743 3710 super
761 3622 845 3689 haec
864 3630 915 3688 001
935 3623 1084 3689 maxima
1104 3626 1220 3690 moles.
1359 3656 1385 3695 10

247 3739 295 3805 Ut
315 3761 433 3804 11101100
453 3747 504 3804 001
524 3762 604 3826 ergo
625 3739 760 3804 numeri
779 3761 859 3826 pars
876 3745 979 3823 certa,
1002 3739 1052 3805 ita
1070 3748 1241 3828 punctum
1260 3748 1311 3807 est

248 3856 333 3920 Pars
352 3855 464 3942 prima
484 3863 588 3941 utque
608 3856 719 3921 omnis
738 3855 835 3944 plani
854 3856 1058 3923 substantia.
1078 3857 1237 3945 Namque

180 3975 224 4038 30
247 3973 396 4056 Puncto,
415 3982 528 4037 atomo
542 3981 573 4037 01
591 3972 737 4039 monade
756 3980 807 4039 est
823 3973 979 4060 planum,
1000 3996 1124 4061 corpus
1139 3998 1385 4063 numerusque,

247 4091 404 4174 Curiique
426 4090 461 4155 111
482 4090 639 4155 continui
659 4090 843 4155 minimum
866 4097 1020 4177 spectaro
1043 4089 1217 4178 profundo

249 4207 328 4270 Non
347 4205 462 4289 111001,
479 4206 610 4293 paritor
624 4207 705 4272 licet
725 4206 973 4294 impariterque
989 4228 1113 4291 secare,
1361 4236 1386 4275 se.

250 4323 413 4388 Partibus
433 4332 465 4387 01
487 4323 605 4406 variis,
625 4323 722 4389 vario
741 4323 838 4388 vonit
857 4321 978 4389 ordine
997 4346 1112 4389 coram

251 4439 349 4518 Quod
369 4462 429 4528 por
446 4463 480 4505 se
500 4439 602 4505 certis
621 4439 774 4505 numeris
794 4439 960 4506 consistat
976 4448 1121 4528 oportet.
