3428 5138
528 498 530 503 ,
590 445 635 489 nn
657 444 858 492 mvmrmoun
878 445 1000 490 muna.

680 777 832 843 CAPVT
868 780 915 846 H.

377 972 413 1010 Ex
427 971 522 1012 minimo
537 972 618 1012 creeclt
633 974 655 1012 et
669 972 693 1011 ln
708 973 826 1012 minimum
841 973 914 1013 omnin
928 973 1060 1023 magnitudo
1075 976 1222 1016 extenuatur.

313 1184 399 1249 Cum
419 1184 515 1249 nulla
533 1183 715 1248 minimum
734 1205 836 1247 sensu
855 1204 894 1246 ac
912 1181 1047 1246 ratione
1067 1181 1240 1261 viderent,

223 1303 403 1387 Tanquam
423 1302 515 1388 ipsos
534 1300 686 1386 fiigienS‚
706 1300 848 1365 inimica
867 1307 983 1364 mente
1001 1299 1166 1387 sophistis

179 1423 199 1483 τ’)
224 1418 357 1483 Tollere
376 1418 418 1482 de
437 1417 550 1482 medio
568 1417 633 1482 hoc
651 1416 793 1504 placuit.
813 1417 911 1482 Tunc
928 1416 1042 1483 verior
1061 1416 1174 1481 omnis

222 1538 403 1601 Mensurae
422 1534 551 1621 speeies
571 1533 712 1599 omnino
732 1533 886 1598 extincta
904 1532 1060 1617 recessit,

221 1652 467 1737 Mensoresque
485 1674 564 1717 suos
583 1649 741 1715 mendaci
759 1649 900 1716 nomine
919 1650 1039 1737 liquit,

224 1770 341 1835 Metiri
360 1776 399 1834 ut
418 1768 515 1834 iiulla
534 1774 569 1832 et
589 1765 730 1832 mentiri
750 1765 939 1832 differitate

224 1883 304 1947 Sint
323 1883 392 1947 illia
412 1883 586 1948 abiuncta.
606 1883 737 1948 Tamen
756 1882 953 1948 substantia
971 1883 1096 1968 quanti

159 1998 201 2060 10
224 1999 356 2082 Stabit,
376 2022 556 2064 mensurae
576 1999 721 2066 stabunt
740 2000 909 2065 elementa
927 2022 1081 2087 perenne

223 2115 377 2180 Naturae
396 2116 432 2180 in
453 2115 583 2202 campis
603 2114 721 2180 eadem
741 2114 937 2201 mentisque
956 2115 1097 2181 tuentis.

225 2231 392 2298 Novimus
410 2239 450 2297 ut
468 2231 651 2297 minimum
672 2231 762 2296 circa
780 2254 889 2297 unum
908 2254 1080 2317 gnomone
1099 2231 1234 2316 adacto,

224 2348 266 2412 In
286 2347 399 2434 planis
419 2354 512 2413 recto
532 2347 704 2413 contentis
722 2346 834 2412 limite
854 2347 1006 2432 quentia

225 2463 394 2550 Leucippi
414 2463 451 2528 in
470 2486 591 2551 eampo
610 2463 757 2529 similem
777 2462 944 2529 servando
963 2462 1112 2548 figurem

159 2575 201 2637 li>
225 2580 416 2666 imparium
436 2602 578 2645 numero
598 2580 716 2646 veniat
734 2581 909 2667 polygona
928 2579 1137 2660 adolescenS,

226 2699 337 2775 Quaem
357 2698 500 2785 paribus
520 2706 676 2764 consta-re
694 2698 779 2763 fecit
799 2720 917 2764 monas
937 2695 1055 2762 addita
1074 2695 1228 2776 tanllem3

225 2815 393 2880 Novimus
413 2822 519 2900 utque
538 2823 690 2880 atomum
711 2815 802 2880 circa
821 2814 999 2901 sphaerale
1018 2813 1161 2880 coibunt

225 2928 437 3016 Complerulo
457 2931 572 3017 spacio
592 2953 650 2995 sex
670 2929 780 2995 solum
799 2929 957 3016 aequalia
975 2930 1109 3017 prime,

226 3044 317 3109 Dein
337 3068 470 3131 semper
490 3069 631 3113 numero
650 3047 797 3111 veniunt
816 3045 1006 3112 crescentia
1025 3045 1160 3130 eodem,

159 3166 203 3225 20
226 3161 384 3226 Circulus
404 3169 442 3227 ut
462 3186 619 3229 normam
639 3163 811 3229 custodiat
830 3164 974 3251 imparis
992 3187 1098 3230 unam

226 3279 292 3341 Per
310 3277 466 3364 plenum,
486 3286 590 3363 utque
609 3279 703 3366 paris
723 3280 894 3367 specimen
915 3287 1094 3346 conservet
1114 3279 1225 3363 inaui,

226 3393 320 3468 Quae
339 3376 474 3458 numeri
494 3394 636 3460 ultemis
655 3395 790 3460 vicibus
810 3394 1011 3461 discrimina
1030 3402 1158 3476 sumat,

225 3509 320 3584 Quae
340 3508 419 3573 finit
438 3519 621 3597 puuctum,
641 3512 800 3598 planum,
820 3512 968 3596 angulus
986 3518 1091 3596 atque
1110 3510 1224 3577 litura.

225 3624 447 3710 Propositum
467 3626 504 3691 in
522 3627 626 3714 plano
647 3628 835 3712 sexangula
855 3627 966 3692 forma
986 3625 1132 3693 docebit.

158 3735 201 3796 2³3
225 3741 382 3827 Namque
403 3743 442 3807 fit
461 3742 623 3811 insolide
644 3744 804 3832 proprius
823 3745 1012 3832 speculatio
1030 3744 1135 3829 cycli,

225 3857 292 3934 Qui
312 3867 448 3924 tuntum
467 3860 631 3945 sphaerae
650 3862 780 3927 censori
801 3863 969 3927 terminus
990 3860 1108 3944 aurlot;

225 3973 364 4037 Scilicet
383 3973 420 4038 iu
440 3975 543 4061 plano
563 3976 755 4064 descriptus
775 3976 922 4041 circulus
941 3975 1032 4041 haud
1052 3982 1105 4041 est

225 4091 469 4175 Praeterquam
490 4093 611 4178 (partis
630 4093 788 4180 aphaerai
808 4091 989 4175 terminus)
1008 4091 1101 4157 orbis

224 4204 422 4290 Spliaerulis
444 4207 611 4292 quaalam
631 4208 803 4274 ‹linituxat
821 4206 974 4296 eorporis
994 4216 1028 4272 et
1046 4228 1127 4293 pers

441 4384 521 4389 ...—-
545 4385 657 4392 ...—-..

316 4474 332 4522 3
342 4473 421 4536 som
435 4473 516 4524 nullo
