3428 5138
262 406 319 466 172
564 416 704 465 mansur
724 413 826 461 aavur
846 414 892 459 na
910 412 1046 475 alume,
1069 411 1091 459 1.

259 575 398 662 Duplex
416 578 626 660 quapropter
644 569 855 636 noscendum
871 567 1034 634 sensibile
1052 566 1163 652 istud,

260 689 328 755 Ars
347 689 389 754 de
408 710 476 774 quo
495 687 631 753 ratione
649 708 767 752 secans
787 681 977 768 descendit,
997 689 1032 748 et
1050 683 1157 748 altam
1385 712 1413 751 ro

260 805 415 870 Naturae
434 803 582 891 speeiem
601 800 770 887 sequitur,
791 798 881 886 quod
900 798 1057 864 subsecet
1075 797 1168 863 ultra

260 917 317 983 Aa
335 918 490 1003 libitum,
510 925 550 985 ut
568 917 618 983 sic
633 923 794 983 naturam
812 915 1007 1003 pertingat,
1027 920 1061 978 et
1079 902 1194 1000 ipsam

216 1039 237 1103 ὗ
260 1036 460 1100 Praetereat
480 1033 631 1117 tandem,
647 1032 740 1120 quod
757 1032 887 1098 frustra
904 1030 1055 1097 diximus
1073 1052 1160 1113 esse;

261 1152 307 1217 Et
326 1153 497 1240 reliquum
513 1152 555 1219 (le
575 1175 643 1239 quo
663 1152 859 1218 conflantur
878 1171 1036 1237 corpora,
1056 1155 1091 1214 et
1109 1147 1222 1215 omnis

261 1270 419 1336 Dimensi
435 1271 580 1359 species,
600 1269 790 1336 fundamen
809 1267 1099 1357 principiumque.

260 1385 332 1452 Nec
350 1387 467 1453 tribuo
487 1386 673 1453 absurdum
692 1385 837 1452 minimo
856 1384 1040 1451 minimum
1058 1381 1239 1450 adiicienti

260 1503 428 1586 Naturae,
449 1503 486 1568 in
504 1503 660 1589 geminas
680 1524 888 1589 componens
904 1501 1022 1567 sectile
1040 1505 1171 1587 partes3

194 1619 237 1683 10
259 1620 419 1705 Namque
438 1619 552 1685 minus
573 1619 683 1684 nihilo
703 1626 831 1706 puncto
851 1618 936 1684 haec
954 1617 1021 1682 duc
1040 1623 1135 1682 tacta
1149 1612 1304 1682 vicissim

260 1735 495 1821 Constituam‚
517 1734 609 1820 quod
632 1756 703 1800 non
725 1734 907 1800 minimum
928 1740 992 1817 est,
1013 1731 1072 1798 sed
1090 1730 1260 1797 terminus
1280 1730 1408 1797 horum

258 1850 459 1917 Communis
479 1856 629 1934 tantum,
651 1871 718 1935 quo
738 1855 869 1915 certum
886 1849 1134 1915 continuentur
1382 1876 1412 1917 20

260 1965 316 2031 Ad
335 1989 516 2032 numerum
539 1966 638 2054 paria
657 1965 695 2030 in
713 1966 817 2052 plano
837 1965 1014 2051 solidoque
1033 1971 1179 2053 reperta.

258 2080 480 2170 Quapropter
498 2080 656 2168 quamvis
675 2080 859 2147 minimum
875 2081 1091 2168 contingitur
1109 2102 1218 2146 unum

194 2201 234 2264 15
257 2200 433 2283 Pluribus,
450 2205 490 2264 ut
508 2198 622 2265 uarios
641 2220 703 2285 per
718 2206 867 2286 punctos
886 2198 1170 2284 continue[n]tur;

258 2317 445 2402 Propterea
460 2315 553 2381 haud
571 2315 726 2401 sequitur
745 2315 889 2381 minimo
909 2313 1093 2401 quicquam
1112 2313 1227 2380 minus
1246 2335 1320 2381 esse

257 2432 300 2496 In
313 2454 439 2517 genere
454 2431 532 2517 hoc,
552 2430 662 2518 partis
681 2431 829 2519 speciem
848 2453 959 2518 neque
978 2430 1148 2497 credimus
1167 2452 1323 2518 unquam
1377 2458 1405 2500 ss

256 2547 380 2613 Finem
401 2571 467 2633 quo
492 2548 675 2614 minimum
698 2548 841 2615 minimo
865 2546 1095 2631 connectitur3
1114 2552 1219 2634 atque

259 2662 439 2728 Terminus
463 2669 515 2728 est
534 2669 688 2748 tantum,
704 2664 882 2751 partisque
901 2664 1038 2731 affectio
1057 2664 1199 2752 primae.

193 2786 237 2850 20
260 2778 385 2844 Necte
404 2785 599 2866 praetereat
615 2780 732 2846 varius
749 2781 845 2848 velut
863 2802 944 2847 usus
964 2787 999 2846 et
1018 2780 1101 2847 ordo

259 2895 301 2960 In
320 2894 417 2960 uario
437 2895 563 2961 sistant
582 2895 740 2979 minimo,
759 2897 974 2982 mixtumque
993 2896 1086 2983 quod
1103 2897 1166 2963 uni

260 3009 472 3098 Suppostum
488 3017 553 3096 est,
573 3012 705 3098 reliquo
725 3012 871 3100 simplex
886 3013 1106 3100 primumque
1124 3021 1280 3101 putatur.

259 3128 308 3194 Ut
323 3135 493 3214 punctum
510 3134 562 3195 est
581 3129 764 3195 minimum
783 3130 946 3215 mensori,
967 3130 1085 3197 littera
1108 3154 1197 3219 pura

260 3243 508 3329 Grarnrnatic0‚
525 3244 647 3332 logicis
666 3246 812 3334 simplex
831 3253 882 3313 est
900 3247 1020 3332 distic,
1041 3247 1160 3316 multis

192 3368 235 3431 25
258 3359 312 3423 Ex
330 3359 398 3426 hiis
418 3361 646 3448 compositum
665 3369 800 3450 partem
819 3364 967 3452 primam
985 3365 1101 3452 inquit
1120 3374 1250 3452 orator3

260 3474 317 3540 Sic
332 3476 439 3541 variis
460 3478 571 3544 causis
594 3480 690 3545 vario
710 3501 772 3567 pro
791 3481 949 3548 materiei

259 3589 388 3657 Ordine
407 3592 588 3680 formator,
608 3595 721 3682 pictor
739 3621 944 3686 mensorque
960 3609 1140 3690 receptant

259 3705 444 3774 Diversum
463 3709 661 3798 minimum,
682 3714 795 3781 varias
813 3722 853 3782 ut
873 3715 1020 3805 deniquo
1037 3726 1155 3805 partes

258 3821 470 3891 Adscribant
489 3827 555 3892 toti
572 3827 609 3892 hi
627 3829 775 3916 vicinas,
795 3831 889 3918 iique
907 3839 1066 3899 remotas.

192 3949 236 4013 30
258 3940 361 4006 Nunc
380 3943 544 4009 minimus
564 3946 681 4031 cyclus
701 3955 857 4014 centrum
875 3956 939 4032 est,
960 3948 1101 4034 eiusque
1119 3950 1267 4018 subinde

260 4055 359 4133 Quod
379 4060 530 4126 medium
546 4062 638 4148 potis
657 4071 710 4130 est
725 4065 815 4131 acies
834 4064 1006 4152 attingere
1022 4065 1126 4133 visua

338 4329 496 4394 Minimum
511 4352 584 4395 vero
602 4334 744 4396 bifariam
757 4357 819 4396 non
833 4335 899 4397 sine
914 4356 1006 4398 causa
1024 4337 1205 4416 accipimus;
1226 4347 1276 4400 est
1288 4341 1403 4421 quippe

257 4446 439 4527 simpliciter
456 4459 488 4512 et
503 4451 645 4514 absolute
662 4452 832 4533 minimum,
849 4452 940 4530 quale
961 4453 1050 4516 unius
1073 4454 1197 4533 generis
1215 4475 1286 4518 esse
1311 4476 1404 4537 opor-
