3428 5138
669 414 714 461 na
735 418 901 463 nasama,
1297 403 1355 462 341

212 571 301 636 Acta
319 572 485 658 parallelo
503 580 555 639 est
575 574 855 661 quotiescumque
871 575 915 641 acl
933 575 1025 640 latus
1045 574 1132 658 eius,
1356 579 1396 640 P·
1416 565 1514 628 199

212 686 262 752 Ut
280 685 489 771 triquetrum
509 687 689 775 Cha-ritum
708 695 742 754 et
761 690 937 756 Hermetis
957 714 1034 756 cum
1054 691 1256 778 Ganymede

211 803 387 870 Discindit
405 806 548 872 veniens
567 807 686 873 sociali
705 807 749 872 ab
768 807 931 893 Apolline
951 807 1116 874 Bacchus.
1330 838 1355 874 ιο

212 922 307 987 Haec
327 923 408 988 olim
427 924 547 1011 paucis
566 925 683 991 docuit
701 932 877 1013 praestare
897 926 1067 1012 Solymus.

168 1173 189 1236 I)
285 1176 413 1238 Liueam
424 1178 682 1240 accommodatam
693 1178 901 1258 intelligimus
914 1181 1034 1258 quando
1046 1181 1085 1241 ad
1097 1181 1194 1242 basim
1206 1180 1353 1258 trianguli

211 1295 360 1371 parallelo
374 1296 560 1374 triangulum
573 1298 624 1357 vel
641 1297 912 1377 proportionaliter
925 1307 1042 1359 sectum
1057 1299 1224 1368 concludit,
1238 1306 1270 1359 et
1283 1298 1355 1357 hinc

211 1413 250 1472 ad
279 1414 399 1474 similes
425 1415 731 1494 proportionalesque
758 1414 872 1492 figuras
898 1416 1129 1477 constituendae
1161 1426 1285 1476 certare
1306 1436 1354 1474 ra-

212 1530 294 1590 tione
315 1530 513 1608 adaugendas
530 1530 811 1609 imminuendasque
829 1532 880 1594 via
898 1541 954 1594 est.

645 1988 797 2055 CAPVT
830 1989 932 2055 XIII.

728 2263 847 2308 Morus,

272 2453 421 2505 Trlangulum
437 2463 492 2493 arra
505 2452 596 2502 acquall
610 2453 715 2494 variants
730 2453 843 2503 dotorum,
859 2457 882 2495 at
896 2459 959 2496 certa
972 2456 1062 2498 rationo
1076 2457 1154 2497 minuo
1168 2466 1296 2507 augooque.

301 2729 453 2795 Millonis
472 2728 680 2813 triquetrum
699 2727 851 2794 numeris
870 2727 1063 2795 variabitur
1081 2751 1189 2794 unum

213 2849 397 2935 Perpetuo,
416 2853 457 2912 ut
476 2845 609 2911 cunctis
629 2844 796 2910 consistat
815 2851 849 2909 et
868 2867 946 2909 area
965 2851 1079 2932 tanta,

212 2966 329 3049 Usque
348 2962 522 3051 parallelis
541 2961 570 3027 si
589 2960 810 3026 contineatur
828 2960 865 3026 in
884 2960 1005 3026 iisdem

148 3079 190 3142 lo
213 3080 347 3164 Omnis,
367 3086 401 3144 et
423 3078 600 3144 anabasis
620 3077 739 3142 veniat
757 3077 941 3143 substrata.
961 3077 1142 3164 Daturque

212 3199 321 3284 Inque
341 3197 515 3285 parallelis
534 3198 648 3262 minus
667 3203 783 3261 actum
802 3202 984 3282 actumque
1005 3197 1167 3283 subinde,

213 3318 263 3384 Ut
281 3317 320 3380 fit
340 3325 373 3380 et
392 3323 493 3381 aucta
513 3315 618 3400 basisr,
639 3315 679 3379 fit
697 3323 736 3380 ut
756 3322 1009 3401 extenuataque
1029 3339 1171 3403 soniper.

213 3431 254 3499 Id
272 3433 365 3498 valet
385 3433 422 3498 in
441 3433 559 3498 multis
579 3431 696 3497 Niclas
715 3438 906 3497 monstrare
926 3431 1057 3515 figuris.

294 3693 344 3751 Sic
362 3715 398 3752 cx
413 3693 665 3752 transmutatione
683 3691 904 3767 triangulorum
924 3691 955 3749 in
973 3689 1143 3766 triangulos
1158 3690 1196 3749 ad
1215 3691 1351 3752 rationes

146 3812 191 3875 ‘20
214 3811 456 3873 differentiarum
472 3812 561 3872 unius
580 3809 764 3889 polygoniae
784 3817 816 3868 et
832 3808 959 3868 alterius
977 3808 1140 3868 cuiuslibet
1157 3809 1355 3887 aequiparan-

213 3931 270 3990 das
301 3938 389 4010 patet
417 3929 534 4004 aditus,
566 3925 810 4005 quandoquidem
838 3925 1021 4003 polygoniae
1048 3925 1123 3984 nulli
1151 3924 1265 4003 speciei
1287 3945 1352 3984 cum

213 4048 311 4109 altera
336 4048 520 4128 polygoniae
546 4047 649 4125 spacio
671 4046 802 4118 angulus
828 4051 932 4121 potest
962 4043 1073 4119 angulo
1103 4063 1172 4103 esse
1198 4043 1350 4120 aequalis,

213 4164 293 4226 sicut
308 4185 405 4241 neque
422 4166 503 4224 latus
521 4164 550 4224 in
569 4163 681 4223 circulo
699 4160 913 4238 inscriptorum
931 4159 1019 4219 lateri
1038 4160 1234 4236 coaequabile
1252 4168 1308 4221 est.

562 4344 600 4351 -..-
624 4344 714 4350 ....---
735 4334 1349 4349 —--·--—-—*--——-—-——---——-

303 4455 336 4505 23
353 4450 549 4519 coaequabilis
