3428 5138
279 356 320 424 20
717 380 856 430 rounam
876 378 979 428 nuvnr

276 563 369 639 nuet,
382 555 471 622 sicut
486 562 672 642 antequam
683 557 877 639 doceamus,
891 555 1007 622 omnia
1021 576 1084 619 uos
1095 553 1306 641 praehabere
1319 574 1418 640 opor·

276 686 337 762 tet,
350 686 385 745 et
400 679 528 746 librum
541 680 656 746 omnia
673 680 909 746 continentem
921 701 1092 745 assumere
1107 677 1348 766 praecipimus.
1361 676 1415 744 Ob

273 828 349 872 eam
368 812 486 873 tamen
504 829 642 873 causam
660 807 825 873 usitatam
844 805 1052 894 procedendi
1074 805 1246 870 rationem
1264 826 1336 870 non
1354 802 1417 868 im·

274 937 474 1024 probamus,
503 957 589 1021 quae
612 935 709 1001 velut
731 935 775 1001 ab
800 934 933 1001 occulto
966 932 1104 1019 singula
1128 930 1349 997 membratim
1378 935 1415 996 et

229 1069 250 1133 b
274 1064 409 1130 concise
431 1064 547 1152 palam
570 1063 698 1146 educit,
718 1062 808 1128 forte
831 1084 894 1149 pro
913 1060 1138 1147 reliquiarum
1162 1060 1300 1126 illarum
1322 1080 1417 1155 reve

272 1192 385 1257 rentia
415 1197 450 1256 et
480 1188 822 1276 multiplicandorum
851 1188 1102 1254 theorematum
1124 1187 1316 1270 maiestate,
1346 1208 1415 1272 quo

271 1317 409 1404 singula
428 1325 595 1402 tanquam
614 1314 772 1402 pluribus
790 1315 920 1381 vallata
936 1313 1105 1380 ministris
1126 1313 1316 1381 illustriora
1337 1337 1415 1380 cen·

271 1451 412 1509 seantur
434 1442 659 1530 problemata.
683 1440 792 1506 Nobis
815 1461 897 1505 vero
920 1439 971 1505 ita
993 1439 1173 1526 negotium
1196 1462 1315 1527 gerere
1334 1462 1414 1506 con·

271 1567 409 1652 sulitur,
426 1574 466 1634 ut
482 1567 643 1633 universa
655 1573 760 1651 atque
776 1566 912 1652 singula
925 1565 1106 1651 sigillatim
1118 1565 1156 1630 in
1171 1566 1333 1633 universo
1348 1588 1412 1654 pro

206 1699 248 1762 10
271 1695 366 1760 virili
386 1693 628 1780 conspicienda
647 1693 843 1776 educamus,
861 1698 900 1757 ut
913 1692 1024 1757 sinon
1041 1714 1188 1779 semper,
1208 1692 1412 1780 plerumque

269 1827 384 1887 tamen
409 1820 539 1906 absque
562 1819 630 1885 alia
659 1818 888 1905 explicatione
921 1817 1168 1885 demonstratio
1198 1825 1232 1883 et
1260 1818 1336 1906 ipsa
1359 1818 1411 1884 rei

268 1946 443 2013 evidentia
463 1946 622 2012 omnibus
653 1944 811 2010 absoluta
840 1944 992 2009 numeris
1021 1966 1063 2009 ex
1086 1944 1182 2010 omni
1204 1951 1304 2033 parte
1335 1967 1411 2011 sen·

269 2073 365 2140 sibus
384 2072 602 2156 subiiciatur,
621 2093 733 2157 neque
752 2070 899 2137 aliorum
918 2093 1012 2138 more
1035 2071 1321 2160 contemplandae
1339 2079 1410 2140 sta·

268 2205 350 2265 tuae
383 2221 477 2265 nunc
510 2197 648 2284 quidem
671 2197 807 2285 pedem,
830 2221 923 2263 nunc
946 2199 1097 2283 oculum,
1125 2221 1219 2266 nunc
1242 2197 1408 2284 frontem,

202 2336 244 2401 15
269 2346 362 2390 nunc
385 2345 467 2389 vero
491 2330 624 2389 caetera
648 2323 800 2403 seorsim,
824 2323 882 2388 sed
906 2330 957 2408 (ut
981 2324 1207 2407 decrevimus)
1231 2323 1348 2390 omnia
1370 2325 1409 2392 in

267 2447 415 2534 singulis
427 2455 462 2513 et
474 2447 611 2534 singula
627 2447 665 2512 in
677 2447 850 2531 omuibus,
863 2456 903 2514 ut
922 2455 1041 2516 mutua
1058 2448 1243 2515 collatione
1258 2449 1409 2537 amplius

267 2573 498 2657 illustrentur,
518 2574 740 2661 explicamus.

352 2698 503 2764 Nomina
522 2699 634 2763 tribus
652 2698 785 2784 figuris,
804 2721 868 2785 pro
886 2699 1074 2765 universali
1096 2699 1283 2767 earundem
1298 2699 1407 2767 facul·
1429 2710 1460 2773 b
1471 2711 1526 2775 4r

263 2829 335 2887 tate
354 2830 458 2909 atque
478 2822 735 2905 usu,ncneit1u
752 2823 921 2888 rationein
937 2823 1201 2908 destinavimus,
1220 2832 1260 2890 ut
1276 2824 1404 2913 prima,

196 2956 240 3020 :20
264 2967 351 3031 quae
374 2956 524 3033 qrnuucr
543 2946 680 3013 circulis
699 2953 818 3012 mutue
843 2971 878 3012 sc
896 2971 958 3034 per
981 2956 1099 3015 centra
1122 2951 1402 3036 penetrantibus,

262 3072 523 3160 implicantibus
541 3080 644 3159 atique
668 3073 824 3138 eoinsitis
843 3073 1033 3161 perficitur,
1049 3075 1161 3161 figura
1180 3076 1309 3143 Mentis
1328 3077 1405 3143 uni·

261 3221 360 3264 versa
379 3197 590 3264 continentis
609 3206 644 3263 et
664 3197 701 3261 in
721 3197 856 3263 unitate
880 3198 1028 3284 iltrudem
1051 3198 1264 3287 implicantis
1287 3202 1405 3290 appel·

260 3323 360 3388 letur.
385 3321 556 3405 Secnrnla,
581 3331 743 3389 constans
761 3330 892 3409 septem
911 3346 947 3388 se
965 3324 1221 3409 attingentibus
1249 3325 1403 3411 circulis,

260 3468 383 3535 nempe
402 3447 438 3512 in
459 3447 598 3534 punctis
619 3469 687 3533 quo
703 3454 823 3513 mutuo
842 3470 912 3513 non
924 3456 1107 3535 penetrent·
1125 3456 1160 3515 et-
1178 3450 1402 3538 mtersecent,

193 3576 237 3638 25
260 3574 369 3659 ligura
381 3573 582 3639 Intellectus
594 3573 707 3638 onmia
721 3572 970 3658 distinguentis
980 3575 1198 3662 propriisque
1207 3577 1403 3646 rationibus

259 3697 500 3765 distrilurentis
515 3700 719 3786 appellatur.
730 3698 856 3764 Tribus
865 3700 969 3765 etiarn
984 3702 1402 3773 unnentrieisefformata

259 3822 411 3905 circulis,
429 3832 551 3911 utpote
576 3846 720 3910 ‹qiununn
741 3824 830 3889 idern
847 3838 879 3889 et
898 3847 1004 3890 unuin
1022 3825 1240 3895 indixiduum
1255 3838 1309 3897 est
1324 3854 1403 3898 cen·

257 3956 364 4017 trum.
378 3948 469 4033 qued
488 3970 537 4015 est
552 3951 716 4037 prinnnn.
733 3950 833 4016 nnieu
847 3972 983 4035 qnoque
1000 3973 1070 4017 nen
1085 3952 1200 4019 minus
1210 3972 1262 4021 est
1275 3956 1400 4025 ultima

257 4075 545 4145 eircnnnbrentie,
560 4096 705 4163 quaeest
724 4096 929 4145 extremum.
946 4078 1054 4160 rigum
1071 4098 1164 4143 certe
1179 4084 1296 4149 timuis
1307 4106 1400 4152 com·

191 4205 236 4267 :to
256 4201 438 4287 plectentis
457 4220 489 4266 et
511 4202 664 4267 unientis
683 4202 819 4267 dieitur.
840 4201 955 4267 Tertia
977 4202 1131 4273 (aridem.
1149 4220 1331 4291 quactum
1348 4219 1400 4278 at·

257 4327 475 4413 tingentibus
509 4346 582 4394 tum
620 4327 910 4393 interseruntilnrs
945 4350 981 4392 se
1015 4330 1153 4397 ein-ulis
1189 4333 1397 4422 explimtur,
