3428 5138
528 404 683 453 raucum
703 404 875 450 aurursus
898 403 1164 450 uaruamarrcos.
1367 387 1403 447 13

469 709 858 790 THEOREMATA
888 709 1203 792 TRIANGVLI.

350 950 377 1016 Ι.
401 950 480 1018 Duo
499 949 621 1038 anguli
639 955 675 1015 et
693 970 802 1015 unum
820 949 925 1033 latus,
942 947 1010 1013 duo
1033 948 1118 1013 item
1135 946 1245 1012 latera
1261 953 1296 1012 et
1314 970 1404 1014 unus

261 1075 424 1161 angulus,
439 1075 582 1141 tertium
599 1073 765 1161 angulum
778 1081 813 1140 et
828 1073 971 1139 tertium
985 1073 1089 1157 latus,
1108 1079 1143 1138 et
1155 1079 1403 1158 consequenter

261 1199 430 1287 trianguli
448 1201 609 1288 speciem,
627 1198 830 1286 qualitatem
843 1204 877 1265 et
893 1197 1126 1284 quantitatem
1142 1196 1322 1263 definiunt.
1338 1197 1403 1262 Rc-

217 1329 238 1392 5
260 1328 350 1416 petit
368 1328 529 1395 Euclides
547 1350 598 1416 pr.
618 1329 650 1393 4.
670 1329 700 1394 6.
719 1329 750 1393 8.
770 1328 822 1393 24.
842 1328 895 1393 25.
914 1327 969 1392 26.
986 1332 1082 1392 sexto
1100 1326 1130 1391 6.
1151 1326 1180 1390 7.
1201 1324 1252 1390 14.
1279 1326 1330 1390 15.
1351 1324 1402 1389 18.

265 1454 315 1518 19.
334 1455 387 1519 20.
407 1455 461 1519 21.

350 1579 397 1645 ΙΙ.
419 1578 548 1645 'Valent
566 1578 672 1665 primi
692 1579 791 1644 518.
814 1579 864 1644 19.
881 1579 933 1642 20.
954 1578 1008 1642 21.
1027 1578 1080 1643 25.
1100 1578 1152 1642 32.

349 1705 414 1771 ΙΙΙ.
437 1704 649 1791 Triangulus
666 1710 873 1791 rectagonus
893 1713 928 1770 et
943 1704 1304 1791 parallelogrammum
1321 1702 1403 1769 dua·

260 1830 325 1896 bus
343 1829 447 1896 rectis
469 1828 573 1896 lineis
591 1829 804 1914 continetur,
823 1829 938 1917 prima
956 1829 1108 1896 secundi.

197 1963 241 2027 10
352 1959 412 2026 IV.
435 1958 646 2045 Triangulus
669 1958 707 2025 in
731 1957 946 2025 semicirculo
969 1966 1084 2025 rectus
1107 1964 1173 2038 551,
1204 1957 1242 2022 in
1274 1956 1401 2023 minori

260 2109 343 2154 arcu
364 2088 521 2172 obtusus,
541 2087 580 2153 in
598 2087 722 2153 maiori
740 2093 872 2152 acutus.

348 2209 390 2279 V.
413 2212 683 2300 Triangulorum
721 2211 1003 2298 rectangulorum
1041 2210 1197 2296 regulam
1226 2231 1268 2274 cx
1299 2208 1397 2275 Eucl.

259 2338 365 2427 primi
388 2363 422 2427 p.
445 2340 499 2405 47.
522 2340 576 2405 48.
605 2345 795 2426 aequantur
822 2337 964 2404 secundi
997 2337 1027 2402 9.
1053 2337 1104 2401 10.
1130 2337 1181 2399 11.
1205 2336 1257 2400 12.
1283 2336 1334 2400 13.
1360 2336 1401 2400 14

262 2471 298 2529 51
322 2463 411 2530 sexti
435 2465 488 2531 31.

198 2595 240 2658 15
350 2592 410 2659 VI.
434 2592 562 2659 Valent
580 2591 669 2656 sexti
686 2592 717 2656 3.
735 2590 767 2655 8.
787 2591 841 2655 32.
1425 2589 1519 2652 a9‘

348 2718 427 2787 VII.
450 2719 507 2785 Ad
525 2717 694 2804 trianguli
717 2716 809 2783 lutus
824 2716 989 2804 parallela
1009 2715 1114 2782 ducta
1128 2716 1398 2803 proportionali-

260 2851 314 2910 ter
331 2850 433 2910 secat.
454 2842 552 2909 Sexti
571 2845 602 2909 2.
621 2843 652 2908 4.
672 2845 702 2909 5.
722 2845 753 2910 9.
775 2843 826 2908 10.

502 3081 801 3160 AXIOMATA
829 3083 1172 3162 POLIGONIAE.

348 3330 376 3397 Ι.
400 3330 610 3417 Figuratum
633 3331 788 3398 omnium
809 3332 1067 3399 rectilinearum
1087 3333 1270 3420 planarum
1293 3335 1400 3400 trian-

193 3462 239 3528 20
259 3457 376 3543 gulae,
395 3456 582 3524 solidarum
600 3458 755 3546 pyramis
772 3459 941 3525 elementa
957 3466 1047 3525 sunt.
1064 3460 1207 3548 Repetit
1222 3462 1327 3549 primi
1345 3463 1400 3531 41.

258 3585 313 3651 42.
336 3585 391 3650 44.
414 3584 467 3650 45.
491 3584 586 3651 Hinc
608 3584 736 3672 pendet
758 3585 849 3652 ratio
872 3594 907 3653 51
930 3589 1048 3674 praxis
1071 3587 1400 3676 parallelogrammi,

260 3711 353 3798 quod
368 3712 524 3799 proxime
543 3735 561 3778 5
580 3711 714 3779 duobus
733 3713 948 3799 orthogoniis
967 3721 1018 3779 551
1036 3714 1232 3801 triangulis,

350 3838 395 3904 H.
419 3837 550 3924 Figura
578 3838 753 3923 quaelibet
781 3838 853 3905 sive
880 3839 998 3927 plana,
1019 3840 1092 3907 sive
1111 3841 1221 3908 solida
1244 3848 1404 3929 (quarum

261 3965 432 4032 elementa
455 3970 538 4031 sunt
560 3964 758 4052 triangulus
782 3973 817 4032 et
839 3967 1006 4053 pyramis)
1027 3967 1120 4034 intra
1143 3968 1279 4034 easdem
1297 3973 1407 4058 paral·

193 4090 360 4176 2515155,
388 4089 524 4157 easdem
554 4090 610 4156 vel
628 4091 787 4176 aequales
821 4091 920 4159 bases
948 4092 1050 4159 alteri
1083 4093 1236 4160 eiusdem
1267 4097 1405 4183 generis
