3428 5138
631 413 770 459 IORDANI
790 412 891 459 anui
912 414 957 458 DE
978 411 1115 473 uiuum,
1138 410 1173 455 ΙΙ.

778 807 931 876 CAPVr
966 810 1025 876 IV.

553 1012 636 1051 Verum
648 1010 755 1050 circulum
768 1011 855 1050 unitum
866 1022 913 1050 non
924 1021 972 1051 esso
985 1011 1009 1050 in
1021 1014 1104 1050 ustura
1118 1011 1255 1061 possibilem.

420 1263 574 1328 Naturae
592 1261 630 1327 in
648 1263 747 1348 sylva
767 1261 848 1346 quia
864 1283 1035 1346 nusquam
1054 1262 1299 1348 progenitriois

330 1378 554 1445 Consimilem
573 1377 713 1443 omnino
732 1384 867 1465 partem
886 1378 979 1465 parti
998 1378 1228 1465 opponemus

288 1501 309 1564 5
331 1496 382 1562 Ut
400 1495 528 1561 similes
547 1494 671 1560 atomis
690 1500 823 1560 atomos
843 1494 1045 1582 (primordia
1064 1518 1214 1581 namque

331 1612 494 1679 Praedita
510 1619 601 1678 sorte
619 1612 683 1678 hac
699 1618 792 1696 sunt,
813 1612 843 1677 si
861 1634 931 1698 qua
948 1612 1013 1678 hac
1030 1620 1112 1679 sunt
1130 1613 1289 1700 praedita
1308 1619 1431 1698 sorte);

333 1728 552 1815 Quapropter
570 1727 680 1793 circus
699 1727 890 1792 consistens
909 1728 1069 1814 partibus
1089 1729 1207 1816 aequis

331 1844 482 1911 Omnino
502 1845 649 1929 cunctis,
669 1844 800 1932 pariter
819 1853 1004 1930 contraque
1023 1847 1155 1930 relatiS,

329 1961 434 2026 Nulla
453 1968 505 2027 est
523 1967 661 2046 natura,
681 1961 778 2027 nulla
797 1969 849 2027 est
866 1961 1094 2029 fabrefactilis
1114 1970 1196 2029 arte.

264 2083 307 2146 10
329 2076 467 2164 Aspicis
485 2084 525 2143 ut
540 2085 633 2145 recto
653 2085 687 2143 et
706 2101 812 2144 curvo
832 2101 1084 2165 quamcumque
1103 2080 1250 2166 figuram

328 2194 487 2281 Explicet
506 2193 695 2260 admixtam
714 2202 859 2260 naturae
878 2217 963 2282 opus
983 2196 1248 2283 omniparentis,

327 2311 377 2377 Ut
396 2316 528 2377 rectum
548 2333 665 2394 curve,
685 2310 787 2398 pleno
807 2319 1003 2398 apponatur
1021 2311 1143 2395 inane3

329 2428 361 2493 N
363 2451 419 2493 am
438 2428 540 2516 plana
557 2427 697 2513 quentis
715 2427 804 2494 facie
823 2435 953 2514 quanta
974 2429 1121 2516 amplius
1137 2428 1292 2512 haerent,

328 2545 483 2609 Invicem
502 2545 684 2631 attingunt
704 2544 837 2611 modico
856 2545 961 2633 plana
980 2552 1085 2631 atque
1102 2546 1258 2631 globosa3

264 2663 305 2726 15
329 2663 463 2727 Puncta
482 2669 693 2728 concurrunt
712 2662 856 2729 minima
875 2662 1072 2729 constantia
1091 2663 1180 2728 mole

329 2779 491 2865 Corpora,
511 2787 550 2844 ut
569 2788 620 2844 est
636 2778 819 2845 minimum
839 2778 1003 2864 quiddam
1021 2778 1114 2844 infra
1133 2778 1258 2844 molem
1274 2784 1468 2846 atomorum
1492 2788 1533 2851 P·
1552 2773 1625 2839 62

329 2894 523 2979 Terminus,
544 2901 584 2960 ut
603 2895 745 2982 paribus
765 2895 895 2962 circum
913 2895 1132 2982 componitur
1151 2918 1221 2961 una
1447 2923 1472 2964 15

328 3012 505 3097 Pluribus,
526 3019 566 3078 ut
583 3013 680 3079 varia
700 3020 825 3080 coeunt
843 3012 885 3079 de
903 3019 1002 3101 parte
1020 3013 1184 3079 vicissim.

332 3128 511 3215 Quamque
530 3131 658 3195 etenim
674 3153 694 3196 a
713 3131 832 3196 multis
851 3153 937 3218 opus
956 3136 1008 3196 est
1026 3129 1206 3216 attingier,
1222 3136 1262 3196 ut
1281 3129 1353 3195 sint

263 3243 308 3306 20
330 3244 527 3311 Primorurn
545 3247 724 3313 accumulo
743 3248 953 3334 locupletata
971 3255 1143 3333 auctaque
1163 3268 1278 3312 rerum

329 3360 492 3449 Corpora,
514 3369 618 3450 prout
636 3363 724 3430 varii
743 3363 880 3449 generis
899 3368 1074 3429 momenta
1093 3371 1286 3450 capessunt.

329 3478 422 3564 Ergo
443 3479 523 3564 quia
543 3478 683 3544 adtactu
702 3479 842 3565 obliquo
861 3480 966 3566 plana
985 3487 1089 3565 atque
1108 3501 1252 3545 recurva
1447 3511 1473 3548 io

329 3593 547 3679 Consistunt,
567 3595 677 3681 magis
696 3602 800 3681 atque
819 3596 933 3662 minus
952 3596 1126 3681 coeuntia,
1142 3595 1269 3683 pendet

330 3711 422 3777 Hinc
441 3734 557 3777 rarum
576 3712 613 3777 in
632 3714 734 3779 rebus
754 3713 971 3800 spissumquc
990 3711 1169 3798 magisque
1188 3711 1385 3798 minusque3

264 3823 307 3886 25
332 3827 400 3892 Sed
419 3851 643 3914 ‹priaecunque
661 3829 757 3895 vides
776 3829 890 3916 planis
909 3835 1087 3917 compacta
1106 3827 1226 3915 figuris

331 3946 415 4011 Esse
434 3946 559 4032 magis,
579 3946 679 4012 firmo
699 3953 860 4013 constant
879 3968 1016 4032 quoque
1034 3967 1190 4033 corpore,
1209 3951 1249 4012 ut
1265 3944 1359 4011 istud

332 4062 517 4149 Perspicua
536 4063 705 4130 indomito
724 4063 805 4128 licet
824 4085 865 4127 ex
884 4063 1068 4129 adamante
1086 4062 1205 4128 videre
1446 4092 1473 4131 ss

330 4179 449 4245 Planis
469 4187 646 4267 compacto
665 4179 707 4245 de
722 4180 895 4267 partibuS,
917 4185 1038 4266 utpote
1056 4177 1094 4243 in
1112 4177 1205 4265 ipses

342 4326 505 4334 ——-.-—-
521 4329 631 4336 ——-.-.
642 4331 762 4336 -.—.-
778 4329 828 4335 ...-
842 4328 1010 4335 -—-.-.
1028 4328 1469 4335 ---——--.—-..-.-‚.—-....

423 4416 453 4465 19
471 4413 545 4481 luopo
551 4417 630 4479 forse
643 4423 758 4468 corrotto
