3428 5138
257 375 296 435 22
696 389 836 436 renuam
856 388 959 435 namu

257 567 401 650 oportet.
420 563 452 627 4.
473 561 571 629 Siout
590 564 706 630 unitas
729 571 781 630 est
804 565 1000 631 substantia
1023 531 1160 630 numeri
1182 567 1218 628 et
1246 560 1397 628 essentia

256 689 381 772 omnis,
402 689 453 755 ita
480 695 515 755 et
546 691 729 757 minimum
756 698 831 758 tum
861 692 1089 780 geometricae
1123 697 1199 757 tum
1232 689 1398 779 physicae

257 816 473 902 quantitatis.
498 817 528 881 5.
552 816 740 887 Minimum
761 817 888 906 duplex
910 820 948 885 in
971 818 1036 885 hoo
1065 817 1243 906 proposito
1266 816 1397 882 intelli·

256 942 388 1027 gimus:
409 943 555 1008 alterum
574 942 612 1006 in
629 943 734 1029 plano
751 943 843 1028 quod
859 952 910 1010 est
925 951 1104 1032 punctum,
1124 944 1273 1010 alterum
1292 941 1331 1007 in
1347 963 1400 1008 so·

213 1065 326 1132 tilido
351 1065 442 1152 quod
462 1073 513 1132 est
532 1074 676 1134 atomus.
701 1069 731 1133 6.
751 1069 905 1135 Punctus
931 1069 989 1154 qui
1013 1075 1065 1134 est
1088 1067 1259 1134 terminus
1285 1088 1398 1152 neque

259 1196 443 1276 quantum,
458 1213 570 1277 neque
588 1191 703 1258 minus
718 1192 848 1277 aliquo,
862 1215 973 1280 neque
984 1193 1169 1259 minimum
1184 1198 1250 1276 est,
1266 1198 1302 1259 et
1314 1198 1398 1258 tuno

259 1315 505 1403 distinguimus
535 1341 555 1384 a
578 1325 708 1405 puncto
732 1319 824 1405 quod
847 1326 899 1386 est
922 1319 1065 1385 minima
1088 1341 1183 1407 pars,
1207 1317 1290 1386 dum
1319 1339 1399 1384 eum

258 1440 319 1506 illo
338 1441 500 1508 convenit
519 1443 556 1507 in
579 1465 618 1510 eo
639 1443 730 1529 quod
748 1445 904 1510 neutrius
925 1445 1042 1530 aliqua
1064 1467 1145 1532 pars
1169 1449 1231 1511 est.
1250 1444 1399 1510 Atomus

257 1590 425 1635 veronen
443 1576 557 1657 potest
576 1593 648 1636 esse
667 1571 836 1637 terminus
855 1571 905 1637 ita
923 1577 963 1637 ut
982 1570 1100 1637 eadem
1123 1592 1195 1638 non
1215 1570 1261 1637 sit
1279 1576 1314 1636 et
1338 1568 1400 1635 mi·

193 1696 236 1760 10
257 1695 353 1760 nima
379 1718 469 1782 pars.
499 1698 529 1761 7.
553 1696 738 1763 Minimum
772 1697 863 1782 quod
887 1703 939 1763 est
966 1703 1136 1785 punctum
1164 1702 1217 1763 est
1240 1696 1398 1763 oiroulus.

259 1825 444 1892 Minimum
468 1826 560 1925 quod
582 1833 634 1892 est
657 1833 793 1892 atomus
812 1832 863 1892 est
882 1825 1036 1914 sphaera.
1055 1827 1086 1891 8.
1108 1826 1208 1892 Circa
1231 1824 1316 1892 haeo
1338 1825 1402 1896 mi·

258 1949 366 2036 nima,
386 1950 448 2017 ubi
463 1951 540 2017 aliis
560 1956 782 2039 apponuntur
792 1958 828 2017 et
837 1936 1139 2039 oomlpositionem
1163 1950 1395 2036 constituunt,
1419 1964 1450 2027 b
1468 1965 1521 2028 ὄν

258 2083 299 2143 ut
312 2098 461 2144 vacuum
478 2076 581 2164 pleno
598 2076 831 2161 interiectum,
848 2077 946 2143 iuxta
961 2078 1185 2164 antiquorum
1201 2077 1398 2165 sapientum

258 2202 396 2289 dogma,
427 2201 654 2287 intelligimus
685 2201 830 2268 minima
860 2202 898 2267 in
925 2225 1051 2290 genere
1080 2203 1191 2286 vacui,
1226 2202 1264 2268 in
1293 2202 1399 2291 plano

194 2328 235 2392 15
259 2327 398 2413 quidem
427 2327 521 2394 intra
544 2328 779 2395 convexitates
802 2328 1082 2415 contingentium
1105 2329 1312 2395 circulorum
1336 2328 1399 2394 tri·

256 2475 361 2539 gona,
382 2452 419 2518 in
434 2452 552 2520 solido·
562 2476 644 2520 vero
660 2454 754 2520 intra
769 2455 1005 2521 convexitates
1021 2453 1244 2542 sphaerarum
1263 2453 1400 2521 contin-

256 2577 415 2664 gentium
438 2578 643 2666 pyramides.
661 2581 691 2646 9.
708 2580 854 2646 Minima
873 2603 954 2668 ergo
973 2580 1085 2667 figura
1103 2586 1157 2646 est
1179 2578 1344 2663 circulus,
1361 2584 1397 2645 et

257 2706 442 2772 minimum
465 2728 588 2792 corpus
611 2712 663 2771 est
686 2705 831 2794 sphaera
854 2707 1058 2795 simpliciter
1080 2712 1116 2772 et
1146 2705 1319 2789 absolute,
1351 2727 1401 2770 se-

258 2830 370 2898 eundo
400 2853 481 2897 vero
505 2838 539 2897 et
563 2839 810 2928 consequenter
832 2832 987 2919 pyramis
1010 2836 1092 2897 sunt
1115 2835 1220 2916 atque
1242 2829 1400 2915 triangu-

191 2961 235 3025 20
257 2956 319 3023 lus.
339 2955 531 3022 Maximum
549 2978 630 3023 vero
649 2958 832 3044 planorum
852 2956 1013 3042 circulus,
1032 2956 1222 3022 maximum
1241 2953 1398 3023 omnium

259 3081 447 3147 solidorum
483 3081 636 3169 sphaera.
668 3083 720 3147 10.
758 3081 941 3148 Infinitum
975 3083 1124 3148 maxime
1160 3082 1316 3148 omnium
1349 3087 1402 3148 est

258 3205 488 3295 sphaericum,
507 3206 613 3273 immo
637 3212 688 3272 est
711 3229 773 3294 per
796 3230 831 3272 se
854 3206 1027 3293 ipsissima
1051 3207 1210 3294 sphaera;
1242 3205 1401 3272 intermi-

257 3339 340 3399 nata
360 3332 487 3421 quippe
506 3333 702 3421 superficies
721 3334 869 3399 circulus
888 3339 940 3399 est
958 3333 1175 3420 verissimus,
1201 3332 1403 3400 intermina·

257 3466 333 3524 tum
351 3481 433 3526 vero
449 3481 587 3547 eorpus,
612 3459 684 3526 sive
708 3459 754 3525 sit
777 3464 829 3542 (ut
852 3458 1034 3542 oredimus)
1065 3459 1139 3526 sive
1166 3466 1398 3547 supponatur,

192 3589 235 3654 25
259 3584 448 3651 necessario
468 3591 519 3650 est
538 3584 682 3672 sphaera
702 3591 737 3651 et
755 3606 873 3650 veram
891 3583 1054 3670 sphaerae
1070 3583 1308 3650 definitionem
1327 3607 1403 3652 sus·

261 3711 355 3799 cipit.
385 3712 436 3777 11.
461 3710 645 3778 Geometra
668 3717 703 3776 et
726 3710 890 3798 physicus
913 3709 985 3793 ille,
1018 3710 1077 3795 qui
1106 3709 1290 3777 minimum
1324 3711 1401 3779 dari

261 3863 332 3906 non
355 3840 522 3926 intelligit
550 3846 585 3905 et
604 3840 793 3905 maximum
813 3861 852 3904 ea
880 3860 948 3923 qua
973 3844 1025 3903 est
1052 3843 1238 3924 utrumque
1254 3838 1401 3927 ratione,

262 3990 339 4034 eum
363 3967 437 4033 sine
460 3987 620 4032 mensura
644 3965 808 4031 metiatur
835 3983 980 4050 semper,
1010 3963 1202 4030 necessario
1233 3964 1403 4035 mentitur

261 4095 399 4180 ubique.
421 4094 472 4160 12.
492 4093 595 4158 Errat
614 4092 703 4157 ratio
727 4114 805 4157 oum
828 4091 866 4156 in
889 4090 1066 4156 infinitum
1089 4090 1292 4158 resolvendo
1315 4091 1401 4161 abit.

195 4227 239 4291 30
261 4223 362 4289 Certe
380 4222 474 4288 enim
492 4226 653 4286 naturam
672 4242 743 4286 non
762 4219 993 4307 persequitur,
1017 4241 1080 4285 neo
1103 4218 1180 4285 ideo
1204 4218 1322 4289 erodat
1344 4240 1403 4285 na·

261 4356 375 4416 turam
410 4347 595 4432 attingere,
629 4368 818 4429 exaequare
853 4344 908 4410 vol
933 4344 1167 4431 praetergredi
1197 4343 1399 4432 dividendo,
