3428 5138
367 380 424 438 178
656 389 795 434 roaomu
816 387 917 434 savin
936 388 982 432 ua
1001 388 1139 450 ummo,
1161 387 1182 433 1.

365 551 432 615 Pro
452 549 555 635 plano
574 546 784 631 triquetrum
803 542 989 609 sternendo
1008 549 1042 608 et
1059 544 1207 609 circulus
1227 544 1312 627 exit;

364 663 524 751 Pyramis
543 667 594 727 est
613 660 730 727 solidis
748 660 955 724 elementum
974 666 1008 723 et
1027 657 1172 745 sphaera
1192 659 1358 726 creandis.

364 782 411 846 Et
430 781 532 845 multi
550 785 588 844 ut
604 782 750 865 possunt
769 775 857 861 cycli
874 796 1075 840 concurrere
1094 774 1133 839 in
1151 796 1261 840 unum

365 896 518 981 Attigui,
538 894 708 978 triquetra
725 898 777 957 est
794 891 902 955 latore
918 891 1100 955 interiecta
1119 911 1263 955 recurvo

324 1004 344 1067 ὅ
368 1013 464 1095 (Tres
483 1012 586 1091 inter)
607 1008 750 1095 species,
770 1005 967 1090 iniectaque
985 1004 1214 1092 pyramidalis

364 1127 428 1191 Est
448 1127 539 1190 inter
559 1123 720 1211 sphaeras
739 1120 894 1186 totidem.
916 1120 1134 1208 Quapropter
1153 1121 1251 1186 inani

364 1245 415 1307 Ao
434 1242 537 1328 pleno
556 1240 744 1305 immensae
759 1236 950 1325 primordia
968 1236 1126 1302 materiei

364 1359 475 1423 Aiunt
495 1361 665 1438 constare,
686 1361 725 1421 ut
745 1359 923 1440 nequeunt
940 1362 1120 1440 penetrare
1141 1353 1305 1437 vicissim,

364 1472 514 1559 Corpore
534 1494 620 1556 quae
634 1492 705 1535 non
724 1477 805 1535 sunt
825 1492 859 1534 se
884 1469 1122 1554 contingentia
1142 1475 1225 1535 toto.

298 1590 340 1652 10
365 1588 431 1666 Qui
448 1587 561 1652 tribus
577 1609 619 1650 ex
637 1585 740 1651 rectis
759 1585 968 1669 triquetrum
988 1584 1216 1671 comprendit,
1234 1583 1394 1670 idemque

363 1704 503 1768 Solvere
522 1701 551 1765 si
571 1702 608 1765 in
629 1702 764 1786 cyclum
783 1701 900 1787 cupiat
918 1699 1144 1787 propriosque
1160 1701 1331 1787 trigonoe,

362 1817 691 1904 Compositosrecta
710 1816 865 1882 inveniet
885 1821 979 1881 costa
998 1822 1102 1900 atque
1121 1837 1273 1882 recurva.

362 1933 464 2002 Unde
483 1933 570 1999 sciat
587 1933 701 1998 curvis
720 1932 866 2019 simplex
884 1932 1103 2018 primumque
1121 1932 1300 2018 trigonum

366 2048 548 2132 OmnibuS,
568 2055 602 2112 ct
622 2048 805 2112 minimum
822 2047 956 2132 cyclum
974 2046 1165 2134 primordia
1183 2070 1273 2114 vere.

302 2165 342 2227 io
368 2164 653 2249 Quandoquidem
672 2162 818 2249 simplex
837 2163 1030 2248 praecurrit
1049 2163 1318 2250 compositorum

364 2282 547 2363 Naturam,
568 2279 781 2363 minimoque
800 2280 914 2345 minus
933 2279 1043 2345 solum
1062 2285 1158 2344 extat
1177 2280 1280 2345 inane
1299 2279 1363 2346 hoc

365 2397 407 2462 In
425 2397 529 2483 plano
549 2397 772 2481 triquetrum,
787 2419 849 2482 per
869 2417 1012 2483 corpora
1031 2395 1256 2483 pyramidale.

365 2513 541 2598 Leucippo
565 2511 748 2576 minimum
767 2517 819 2576 est
838 2510 979 2598 duplex,
999 2512 1028 2576 si
1047 2512 1143 2578 nulla
1158 2519 1345 2600 penetrant

366 2628 518 2713 Corpora
536 2627 574 2691 in
594 2626 735 2691 alterius
755 2649 827 2691 sese
847 2626 1063 2693 insinuantia
1083 2650 1221 2715 corpus,

299 2742 343 2805 20
366 2741 550 2829 Sphaerica
568 2742 727 2807 materies
746 2764 961 2829 vacuumque
980 2743 1073 2809 intra
1091 2745 1207 2809 omnia
1227 2745 1366 2812 iactum.

366 2859 408 2923 In
426 2857 529 2945 plano
549 2880 590 2923 ex
610 2859 724 2941 rectis,
745 2858 806 2924 ubi
825 2859 1001 2944 quaelibet
1019 2866 1096 2926 acta
1115 2862 1229 2948 figura
1248 2870 1313 2948 est,

367 2974 546 3052 Quaelibet
565 2974 723 3060 agnoscit
741 2974 952 3058 triquetrum
971 2976 1140 3043 resolutio
1159 2978 1286 3062 solum,

365 3090 444 3155 Non
464 3090 582 3156 radiens
602 3091 749 3174 cyclum,
770 3091 941 3175 triquetro
958 3092 996 3157 in
1014 3092 1228 3180 minimoque
1247 3095 1404 3181 quiescit.

365 3206 411 3270 Et
428 3206 585 3291 quamvis
605 3214 730 3273 natura
750 3228 811 3272 suo
830 3205 892 3273 has
909 3214 1003 3274 tenet
1023 3209 1145 3276 ordine
1164 3218 1296 3299 partes,

299 3319 342 3383 ‘25
366 3321 516 3408 Corpore
534 3322 587 3387 uti
606 3322 750 3387 minimo
770 3323 925 3410 spacium
945 3325 1059 3391 minus
1079 3333 1191 3393 exstet
1210 3328 1314 3395 inane

367 3437 550 3520 iniectum,
570 3446 687 3503 tamen
708 3462 762 3504 ars
782 3439 929 3506 solidum
947 3442 1159 3529 planumque
1178 3446 1320 3513 resolvit

367 3552 409 3618 In
428 3561 544 3640 partes
564 3553 666 3619 rectis
684 3577 902 3642 comprensas
919 3558 1086 3644 undique,
1106 3559 1240 3627 nullum

367 3670 449 3736 Plus
469 3670 687 3736 interiectum
706 3695 853 3738 vacuum
871 3673 947 3739 vult
971 3675 1072 3753 rebus
1091 3676 1212 3742 haberi

369 3785 531 3851 Sensibus
551 3808 654 3871 quam
673 3795 796 3853 notum
813 3796 873 3872 est,
889 3789 1033 3857 haerens
1052 3792 1255 3879 replensque
1274 3818 1335 3883 per
1351 3820 1452 3867 omno
1481 3830 1507 3871 50

302 3909 345 3970 so
368 3901 430 3965 Est
448 3902 592 3988 planum
611 3903 727 3988 plano,
753 3904 901 3970 solidum
921 3905 1112 3992 solidoque,
1133 3909 1298 3996 venitque

367 4016 530 4082 Eiusdem
549 4017 679 4084 formae
698 4019 949 4106 minimumque
967 4022 1021 4087 uti
1037 4029 1110 4089 tota
1133 4024 1253 4111 figura.

369 4134 532 4199 Partibus
551 4135 653 4200 unius
672 4136 789 4201 lateris
809 4159 870 4202 ceu
890 4137 1028 4223 (prande
1047 4141 1193 4227 repertis

368 4248 480 4314 Huius
501 4272 588 4333 ‹yiiae
606 4257 658 4315 est
676 4252 817 4338 paribus
837 4253 1026 4321 consistens
1045 4256 1199 4344 undique
1218 4261 1335 4346 costis,

989 4368 1007 4373 --
1027 4368 1052 4374 —
1064 4370 1090 4375 -.
1108 4370 1305 4381 .-.---—..--
1370 4375 1497 4385 ...-..

460 4391 475 4437 a
493 4362 690 4453 (oreilmai‘
709 4364 916 4445 ‘alimania
932 4367 986 4446 aa·
