3428 5138
252 423 312 481 ⁶274
552 434 692 480 renuam
714 433 817 478 numu
837 432 882 478 nn
902 430 1038 494 murno,
1059 429 1104 474 ιν.

253 591 359 650 eodem
381 598 493 669 puncto
515 590 543 649 G
568 608 627 648 non
654 589 722 667 plus
750 609 838 666 quam
862 595 926 648 tres
955 585 1097 646 diametri
1118 584 1176 646 AB
1205 585 1240 644 in
1265 583 1416 663 longum,

254 709 307 768 OD
326 709 355 767 in
374 710 479 784 altum,
503 709 557 767 EF
575 708 605 768 in
630 707 815 787 profundum
832 727 866 768 se
883 706 1122 767 interserebant.

335 829 350 875 ‘i
372 828 419 886 at.
438 824 523 884 Siout
540 825 635 902 igitur
652 834 778 884 naturae
794 823 869 883 ordo
883 821 1019 900 requirit,
1034 843 1053 881 a
1070 819 1339 899 contemplatione
1358 819 1416 880 mi·

253 942 324 1000 nimi
343 942 382 1000 ad
397 942 496 1001 lineae
515 942 774 1020 progrediendum
790 949 839 1002 est
856 938 1159 1019 contemplationem,
1176 937 1248 1014 sed,
1263 956 1325 1016 pro
1344 943 1415 997 tum

210 1057 230 1118 ι’)
253 1059 349 1136 ipsius
363 1068 426 1118 tum
445 1059 575 1119 aliorum
590 1081 668 1136 quae
684 1068 905 1135 consequenter
921 1064 993 1118 sunt
1005 1054 1147 1116 habenda
1164 1053 1317 1132 deinceps
1335 1073 1413 1133 epo-

254 1176 365 1236 ‹iietiea
382 1176 500 1236 ratione
519 1176 749 1252 consequenda,
766 1174 956 1236 sensibilium
971 1173 1104 1234 omnium
1118 1170 1287 1232 formarum
1302 1171 1415 1232 arohe-

253 1300 345 1369 typos
364 1300 395 1351 et
413 1293 565 1352 elementa
584 1293 668 1370 prius
687 1290 860 1352 afferamus.

333 1408 552 1467 iintelleotus
586 1415 698 1485 quanto
727 1407 867 1484 inferior,
897 1415 984 1466 tanto
1009 1406 1040 1464 in
1065 1404 1172 1465 maiori
1205 1402 1412 1463 multitudiue

254 1527 408 1600 consistit,
427 1527 540 1604 quippo
562 1527 613 1601 qui
632 1547 666 1586 eo
682 1549 699 1585 a
717 1528 814 1606 prima
835 1527 977 1603 monade,
997 1531 1099 1586 mente
1116 1543 1274 1602 supreme,
1293 1540 1411 1583 versus

192 1643 231 1704 it)
254 1645 399 1703 materiae
416 1645 573 1720 regionem
593 1644 776 1721 degenerat,
795 1665 853 1704 una
873 1643 923 1704 vel
946 1643 1044 1704 altera
1070 1643 1121 1702 vel
1145 1640 1271 1701 minime
1297 1639 1411 1701 multis

256 1760 391 1820 idearum
409 1761 538 1821 obiectis
556 1769 665 1820 natura
684 1761 787 1839 opifex
808 1761 972 1820 informata
993 1758 1213 1819 innumerabile
1239 1766 1306 1819 tum
1335 1777 1410 1835 spe·

255 1877 369 1937 ciorum
387 1879 509 1938 illarum
528 1879 749 1956 compositione
768 1880 868 1956 varia,
885 1886 948 1938 tum
966 1898 1021 1958 pro
1041 1877 1125 1939 varia
1138 1876 1286 1937 materiae
1303 1876 1411 1956 dispo-

255 1996 366 2055 sitione
385 1997 456 2075 (nisi
475 1997 583 2054 horum
601 1997 732 2056 alterurn
749 1998 787 2056 ab
806 1995 903 2057 altero
917 2016 986 2057 esse
997 1996 1106 2055 melius
1121 1994 1291 2072 intelligas)
1307 1995 1410 2055 multa

256 2136 333 2192 quae
355 2114 495 2174 ridemus
511 2136 610 2174 rerum
627 2135 737 2191 genera
756 2114 897 2192 explieat.
919 2115 981 2173 Ars
1001 2113 1113 2175 deinde
1131 2113 1273 2174 detento
1292 2111 1409 2175 forma·

193 2230 232 2292 lsi
256 2252 324 2292 runi
337 2232 521 2290 naturalium
537 2251 661 2290 numero
674 2251 762 2306 qnam
774 2232 886 2290 multas
897 2229 1104 2309 componendo
1120 2237 1211 2306 atque
1225 2229 1407 2311 dividendo,

257 2348 467 2409 concernendo
484 2350 555 2407 item
574 2357 604 2408 et
621 2347 827 2409 abstrahendo
845 2369 933 2424 quam
949 2348 1061 2408 multas
1072 2347 1175 2409 valeat
1192 2356 1255 2407 turn
1272 2348 1408 2430 referre,

257 2476 321 2528 tuni
344 2467 383 2526 ad
406 2482 436 2527 et
466 2475 571 2525 eontra
599 2466 707 2525 horum
725 2466 954 2526 similitudinem
976 2465 1135 2544 effingere,
1157 2460 1225 2542 quis
1253 2464 1408 2528 definiet?

256 2586 404 2642 Attamen
423 2592 453 2642 et
472 2582 547 2641 illud
567 2583 642 2640 artis
661 2591 724 2658 est,
742 2591 776 2641 ut
797 2602 833 2641 ex
853 2584 857 2662 Ι
876 2582 1034 2661 principiis
1049 2583 1142 2643 certis
1159 2590 1251 2658 atque
1268 2581 1408 2646 definitis
1420 2587 1573 2662 p.135

258 2701 296 2758 ad
315 2700 474 2759 indefinita
495 2700 711 2774 consequentia
733 2700 929 2777 provehatur.
952 2700 989 2758 In
1011 2699 1210 2761 similitudine
1228 2719 1302 2776 ergo
1320 2711 1410 2761 natu-

191 2807 235 2870 20
258 2836 309 2875 rae
342 2838 360 2874 a
387 2815 522 2875 definitis
550 2816 656 2893 paneis
684 2815 852 2891 iisdemque
879 2815 1125 2877 i'oeeundissimis
1148 2816 1408 2896 omnipromisque

259 2933 394 3011 receptis
417 2933 577 2993 elementis
591 2933 629 2991 ad
650 2954 773 3011 operum
793 2954 1020 2994 numerosorum
1035 2933 1172 2995 rationes
1186 2933 1365 3012 aecingitur.

716 3313 868 3379 OAPVT
906 3316 951 3379 ΙΙ.

404 3516 438 3554 Do
451 3514 604 3564 impin-atione
617 3514 716 3551 ‹nnniuni
730 3518 751 3552 et
764 3513 914 3564 explicatione
928 3515 951 3552 in
962 3513 1039 3553 omniu
1051 3515 1119 3553 trium
1131 3514 1262 3563 figurarum.

351 3723 442 3785 Sunt
461 3728 530 3785 tros
549 3722 721 3808 print-ipio
741 3723 935 3809 archetypi,
957 3745 1103 3808 qumum
1122 3722 1160 3788 in
1179 3722 1266 3788 t'aeie
1286 3723 1397 3788 omnis

195 3840 238 3900 25>
262 3838 429 3903 Momenti
449 3860 568 3901 minna
588 3845 639 3901 est
658 3860 906 3922 mensuraeque
922 3847 1026 3924 atque
1046 3841 1185 3925 figurae.

263 3956 316 4019 Do
332 3953 480 4040 primani
500 3953 651 4037 Phoebo,
673 3953 886 4038 quadratque
906 3955 1054 4020 secunda
1073 3956 1264 4041 Minervae,

264 4071 448 4154 Tertiequo
468 4080 517 4133 est
540 4069 696 4151 Veneris,
718 4069 886 4153 siquidem
905 4070 1150 4156 propriumque
1170 4073 1324 4158 sigilium

265 4189 470 4271 :ignoseunt
489 4186 611 4250 hurum
629 4186 666 4249 in
686 4185 785 4250 vultu
804 4194 838 4249 ot
858 4192 986 4250 secretu
1005 4187 1188 4273 profundo.
1397 4217 1410 4255 e

266 4304 391 4389 Cyelus
410 4301 470 4366 ubi
490 4299 851 4385 quadruplextriplici
870 4320 933 4385 pro
950 4310 1040 4364 sorte
1060 4301 1180 4381 coibit,

358 4482 389 4530 113
405 4479 494 4529 inulte
