3428 5138
670 455 715 500 nn
736 454 902 500 1111111111.
1299 443 1357 501 343

215 613 392 701 Respicite
411 611 608 700 oppositum
626 611 851 697 triquetrum,
871 612 968 677 cuius
988 612 1089 679 dutus
1108 613 1167 679 ille
1356 621 1397 682 1)·
1417 602 1514 667 2⁰1

215 730 363 799 Telluris
380 738 530 817 punctus
549 727 675 795 Ioviuli
695 729 789 794 sistit
807 729 845 794 in
864 730 979 816 anglo,

214 848 266 912 Ac
284 854 433 934 punctus
452 845 584 911 medius
603 844 721 911 leteris
741 846 808 928 (10)
828 844 979 911 medium
998 845 1035 910 in
1054 846 1146 912 lutus
1165 845 1233 933 ipsi

216 962 423 1050 Oppositum
442 964 511 1046 (ll)
530 961 623 1027 dictu
641 961 759 1049 lapsus
777 960 911 1027 ratione
930 960 1083 1045 videtur;
1335 989 1360 1028 15

171 1077 192 1141 5
216 1080 317 1148 Unde
335 1088 370 1146 et
389 1079 610 1164 consequitur
628 1078 788 1144 scindens
807 1078 956 1144 Telluris
976 1079 1020 1144 eb
1040 1078 1144 1165 anglo

216 1197 282 1262 Per
300 1195 465 1280 medium,
485 1202 590 1281 atque
609 1195 705 1282 operi
725 1195 869 1262 dubium
888 1217 958 1261 non
977 1194 1151 1281 linquitur
1168 1194 1287 1261 ullum.

217 1312 322 1379 Liber
341 1312 408 1378 eris
427 1335 529 1378 sensu
548 1312 577 1377 si
597 1312 649 1378 vis
668 1319 861 1378 monstrare
878 1309 1032 1378 Periclis.

298 1572 347 1632 Ibi
374 1577 390 1632 1
413 1571 504 1633 datus
531 1582 661 1652 punctus
681 1572 789 1633 leteris
814 1582 863 1634 est
884 1574 924 1651 T,
947 1575 965 1632 2
992 1573 1174 1651 triquetrum
1199 1581 1248 1634 eet
1271 1572 1360 1649 FHI,
1442 1574 1445 1581 '

219 1691 238 1748 3
256 1690 406 1750 bisoctum
422 1691 527 1768 puncti
549 1689 614 1750 deti
634 1691 715 1752 latus
736 1690 779 1750 In
800 1691 832 1749 in
854 1697 967 1770 puncto
986 1690 1027 1768 G,
1049 1693 1068 1749 4
1090 1691 1220 1767 ungulus
1242 1689 1363 1768 opposi-

154 1807 195 1870 10
216 1817 268 1868 tus
286 1808 328 1885 H,
352 1806 500 1869 51111111
519 1809 558 1886 Τ,
576 1813 595 1867 6
612 1807 772 1869 1111111111
787 1805 998 1885 aequidistnne
1016 1809 1092 1886 ΟΧ,
1112 1809 1130 1867 7
1147 1807 1248 1867 fluxus
1266 1808 1304 1868 de
1316 1826 1362 1868 re-

219 1924 302 2001 liquo
315 1923 473 2004 punctoG‚
489 1927 509 1984 8
523 1926 554 1984 in
570 1926 662 1985 finem
678 1924 777 1985 fluxus
793 1926 833 2002 X,
849 1927 1011 2002 openetus
1023 1924 1114 1985 datus
1126 1925 1160 2003 Τ,
1177 1928 1214 1984 10
1231 1932 1361 2003 punctus

222 2041 340 2103 medius
358 2042 464 2104 leteris
482 2044 523 2122 G,
544 2046 578 2103 11
597 2043 678 2103 latus
696 2043 871 2122 oppositum
887 2043 954 2102 HF.

660 2455 814 2522 CAPVT
846 2456 924 2521 XV.

729 2722 859 2769 STATVS.

491 2903 643 2954 Triangulum
657 2903 781 2951 quemlibet
794 2904 823 2944 cd
837 2902 997 2953 orthogonium
1011 2902 1103 2945 reduco.

310 3151 353 3215 In
372 3149 580 3237 triquetrum
598 3154 712 3214 rectus
731 3148 787 3214 cui
806 3149 955 3233 angulus
974 3171 992 3212 e
1011 3149 1125 3214 tribus
1144 3172 1233 3214 unns

222 3268 385 3333 Vertetur
403 3267 538 3353 generis
558 3267 766 3352 quicumque
785 3266 954 3331 habentur
972 3266 1075 3350 alius,

223 3387 272 3454 Ut
290 3385 499 3471 triquetrum
518 3384 611 3450 Iovis
630 3384 867 3470 Erigonesque
883 3388 917 3448 et
937 3383 1125 3470 Apollinis,
1146 3383 1239 3479 intro

222 3501 505 3587 Aequidistantcs
525 3501 681 3588 gemines
700 3523 940 3588 comprensum
959 3502 1019 3566 ubi
1039 3509 1190 3586 constat,

156 3622 200 3682 ‘20
222 3619 302 3684 Iure
315 3641 462 3703 aequum
474 3625 525 3683 est
537 3617 714 3703 triquetro,
728 3640 830 3702 quom
843 3617 971 3683 conflet
983 3617 1108 3704 Apollo
1122 3617 1311 3705 Charisquo
1352 3648 1365 3686 e

223 3737 311 3802 Cum
330 3737 420 3803 Iove.
443 3735 542 3814 Quod
560 3735 677 3801 Nicias
696 3734 817 3800 itidem
836 3736 952 3822 pulum
972 3735 1173 3801 insinuabit.

304 4028 525 4089 Parallelarum
539 4035 570 4088 11
587 4027 668 4086 intra
683 4027 809 4087 eusdem
822 4026 987 4105 parallelus
1004 4027 1183 4104 ungulorum
1200 4036 1232 4086 et
1245 4027 1362 4086 busium

225 4146 303 4205 rutio
321 4145 359 4204 ad
377 4146 445 4222 pius
463 4165 552 4221 quam
567 4143 762 4204 medietatem
781 4165 896 4220 eorum,
916 4144 1036 4220 quaein
1052 4145 1239 4222 geometrico
1257 4143 1363 4221 figuris

225 4261 451 4322 contrectandis
469 4272 551 4335 sunt,
568 4261 781 4320 miraculorum
800 4261 938 4322 conferre
956 4261 1158 4320 existimetur.

317 4500 348 4551 21
364 4497 568 4551 existimantur
