3428 5138
253 401 312 460 236
546 414 684 459 ronoaur
706 413 808 458 arrum
829 413 873 457 nn
894 411 1031 474 ursino,
1055 412 1102 457 111.

187 569 189 572 ’
253 569 487 656 Vivaoemque
506 570 658 634 animam
677 569 791 635 missis
810 568 929 634 elidite
948 569 1073 655 sylvis,

254 685 460 771 Othrynque
479 684 659 751 arboribus
679 684 824 772 spoliate
843 693 878 750 et
897 686 1019 750 Pelion
1037 685 1183 768 umbriS,

253 803 303 870 Ut
322 809 395 866 tam
413 808 543 867 crescat
562 823 663 887 onuS,
683 825 726 866 ue
744 800 871 867 habeat
890 823 975 886 quas
994 799 1138 887 spiritus
1158 823 1260 866 auras
1373 829 1401 867 20

254 917 450 1005 Concipiet,
470 917 600 983 frustra
619 923 730 982 tentet
749 940 784 983 se
803 917 924 983 tollere
942 917 980 982 in
999 917 1125 1001 altum,

210 1023 231 1087 5
254 1037 284 1100 Ε
302 1036 402 1101 dorso
423 1034 563 1100 obducti
582 1036 738 1101 revoluto
757 1034 909 1122 pondere
928 1034 1059 1101 mundi.

254 1152 328 1218 Iam
348 1153 440 1217 Deus
460 1150 617 1237 adsurgit
636 1152 757 1217 melior
774 1151 1025 1238 glomeramina
1044 1173 1145 1215 caeca

254 1267 456 1353 Disiiciens,
476 1266 629 1353 fortique
647 1291 753 1334 manu
771 1275 871 1334 tanto
891 1289 1017 1354 aggere
1035 1267 1134 1333 vulso

254 1384 431 1471 Praecipit
450 1384 620 1450 illustram
639 1384 750 1470 magis
768 1384 837 1451 imo
857 1407 1040 1470 exsurgere
1059 1382 1179 1450 fundo
1376 1408 1404 1447 ss

335 1624 385 1683 Sic
401 1620 588 1684 inviolabilis
609 1622 823 1703 philosophiae
844 1623 1072 1702 simplicitatem
1092 1622 1239 1682 librorum
1260 1628 1292 1681 et
1312 1640 1396 1681 com·

192 1734 234 1797 10
256 1741 475 1801 mentationum
492 1738 759 1817 multiplicatione,
781 1740 1005 1817 superstitiosis
1034 1738 1186 1815 variisque
1213 1737 1398 1815 quibusdam

256 1856 486 1918 excursionibus
506 1863 598 1930 atque
615 1855 857 1932 quaestionibus,
876 1875 1010 1915 necnon
1031 1853 1324 1914 demonstrationum
1349 1872 1400 1914 su·

256 1991 513 2053 pervacanearum
530 1971 680 2047 novitate,
705 1990 759 2048 pro
786 1970 901 2048 ingenii
932 1972 1137 2031 ostentatione
1165 1969 1323 2048 sophistae
1345 1968 1399 2028 diu

256 2098 328 2150 ante
344 2107 409 2149 nos.
426 2088 543 2160 Quibus
561 2086 672 2147 deinde
691 2087 729 2145 ad
744 2096 850 2147 nostra
867 2095 1006 2167 tempora
1027 2095 1350 2166 praesumptuosorum
1366 2094 1399 2146 et

257 2205 576 2283 arrogantissimomm
592 2207 861 2284 grammaticorum
881 2205 1030 2267 diluvium
1057 2205 1219 2283 successit,
1246 2204 1297 2282 qui
1325 2204 1401 2266 reci·

192 2321 234 2385 lb
256 2326 331 2385 tatis
347 2345 366 2383 a
382 2323 469 2383 fonte
486 2321 671 2382 Graecorum
694 2323 842 2401 textibus,
865 2323 1065 2402 synopsibus,
1094 2323 1328 2401 erotematibus,
1351 2342 1402 2382 en·

257 2441 408 2518 chiridiis,
433 2439 619 2518 spicilegiis,
638 2439 804 2518 thesauris,
825 2439 864 2499 ad
887 2440 1044 2501 Ciceronis
1061 2448 1093 2500 et
1113 2440 1179 2500 veri
1201 2439 1284 2500 Latii
1301 2460 1400 2500 amus-

257 2558 314 2618 sim
332 2556 648 2635 interpretationibus,
670 2556 764 2617 variis
787 2557 869 2636 (cum
896 2555 1088 2635 originalium
1106 2555 1338 2634 falsificatione,
1364 2564 1400 2616 ut

257 2674 373 2752 aliquid
388 2672 461 2734 inde
474 2674 597 2735 noviter
611 2673 669 2734 sibi
685 2673 855 2734 cudendum
872 2694 927 2752 pro
942 2673 1078 2734 literaria
1096 2675 1262 2754 specimine
1280 2676 1401 2752 conqui-

257 2791 374 2870 rerent)
391 2789 585 2867 lectionibus,
605 2798 640 2850 ut
655 2809 802 2852 novarum
819 2789 917 2849 litium
935 2789 974 2850 de
987 2790 1125 2866 legitimo
1141 2800 1227 2851 textu
1243 2811 1259 2852 e
1273 2791 1399 2869 regione

191 2901 235 2964 20
257 2906 376 2966 adiecto
402 2907 611 2985 protoplastes
637 2913 669 2966 et
695 2906 951 2966 archimandritae
980 2906 1134 2967 asinorum
1159 2916 1265 2985 patres
1294 2927 1400 2968 cense-

256 3032 375 3100 rentur,
398 3023 669 3083 innumerabilibus
698 3022 823 3101 tabulis,
850 3023 1051 3101 lexiconihus,
1080 3024 1154 3084 item
1180 3023 1343 3102 isagogiis,
1367 3024 1400 3083 id

258 3148 307 3200 est
324 3139 553 3200 introductoriis
578 3159 633 3200 seu
659 3141 685 3200 si
708 3140 810 3200 dicere
837 3140 934 3200 mavis
960 3139 1153 3217 exclusoriis,
1175 3140 1206 3200 in
1232 3151 1398 3201 extremam

259 3256 467 3316 confusionem
490 3256 709 3334 perduxerunt,
732 3255 984 3332 quemadmodum
1011 3277 1029 3316 a
1055 3255 1208 3317 semiferis
1237 3257 1399 3319 Centauris

258 3373 491 3433 imminerahilis
509 3373 647 3433 Caeneus
668 3373 931 3434 innumerabilium
953 3393 1095 3433 saxorum
1122 3381 1214 3450 atque
1242 3375 1400 3452 sylvarum

193 3490 236 3550 Ξῖ)
260 3488 432 3566 ponderosa
449 3489 592 3566 congerie
609 3508 777 3568 oppressus
794 3489 896 3550 iacuit.

785 3671 883 3676 --.—-
896 3669 1076 3676 ....———.-.—
1093 3669 1234 3676 -a—-··——
1251 3670 1264 3675 .-

356 3773 385 3820 12
399 3772 527 3835 sophista
592 3773 621 3822 18
642 3773 711 3836 dopo
732 3789 785 3824 nos
806 3771 945 3836 bisopnerh
961 3771 1039 3833 sorae
1059 3776 1207 3820 orameltera
1224 3788 1279 3820 autc
1299 3772 1400 3819 lociana

262 3850 426 3902 lacaniano
440 3850 563 3917 appianus
578 3854 600 3900 te
613 3853 664 3901 dne
681 3850 781 3919 oirpolc
843 3854 873 3902 21
888 3850 1079 3918 lexiconibus]
1097 3851 1134 3899 sic
