3428 5138
256 369 315 428 162
565 379 705 427 rounam
724 378 827 425 nsvur
847 379 892 438 qn
912 378 1048 441 urruuo,
1070 380 1091 422 1.

253 537 351 599 multa
368 545 400 598 et
417 556 524 616 pauca,
544 535 588 596 ita
608 543 641 596 et
666 536 879 613 terminorum,
894 556 1021 613 quorum
1041 534 1121 595 ratio
1140 533 1261 595 omnino
1279 539 1329 594 est
1345 552 1402 612 po·

254 653 375 731 sterior,
395 652 556 713 indefinita
573 660 621 713 ost
638 651 789 731 analogia.
804 652 912 728 Neque
926 650 1129 712 accidentium
1147 647 1311 710 multitudo
1327 648 1401 710 snb·

253 773 404 835 iectorum
422 771 648 833 multitudinem
666 792 726 833 non
743 771 947 849 consequitur.

335 894 419 955 Ἤ38.
436 895 484 954 42.
504 891 536 952 Si
554 901 686 971 partem,
700 901 735 952 ut
749 898 885 970 oportet,
904 889 1088 966 constituae,
1106 907 1185 965 quae
1201 885 1308 948 addita
1324 886 1403 949 facit

213 1001 234 1065 ὗ
257 1010 355 1072 maius
371 1018 403 1072 et
419 1012 578 1071 subtracta
594 1008 669 1070 facit
685 1008 796 1089 minus,
819 1008 890 1086 quia
914 1007 995 1085 quod
1018 1005 1111 1068 efficit
1132 1013 1278 1082 qnantum
1297 1023 1404 1066 neccs-

256 1125 337 1187 sario
356 1136 406 1188 est
426 1133 584 1203 quantum,
604 1125 711 1205 procul
729 1125 821 1186 dubio
839 1126 919 1187 siout
937 1123 1147 1213 componendo
1160 1143 1222 1184 non
1240 1119 1300 1181 fnit
1315 1120 1403 1182 adira

255 1243 421 1321 infinitum,
440 1263 538 1321 neque
557 1243 722 1305 dividendo
740 1245 799 1305 erit
815 1244 911 1304 adire.
934 1242 995 1303 Cur
1020 1242 1172 1303 divisione
1192 1239 1333 1322 partibus
1354 1247 1405 1301 est

255 1359 387 1420 infinitis
403 1359 484 1438 quod
502 1367 600 1421 totum
618 1367 666 1422 est
683 1360 904 1440 compositione
921 1358 1059 1419 finitum?

338 1488 356 1537 t
373 1479 421 1538 59.
439 1479 486 1537 64.
506 1479 554 1538 95.
573 1476 654 1550 Quid
671 1478 763 1539 etiarn
785 1478 873 1539 iuvat
893 1477 932 1536 ad
950 1485 1056 1556 partes
1074 1475 1320 1556 proportionales
1336 1494 1406 1536 con·

192 1587 234 1652 10
257 1597 381 1674 fugere,
400 1615 490 1672 queo,
519 1604 771 1673 quantaecunque
788 1597 863 1675 sint,
892 1604 923 1657 ot
949 1598 1029 1657 tales
1056 1604 1179 1675 oportet
1206 1614 1275 1656 esse
1297 1593 1406 1672 quales

258 1715 398 1776 adiectae
415 1715 512 1775 maius
530 1724 562 1777 et
589 1717 766 1775 subtractae
792 1716 892 1776 minus
919 1715 1073 1776 efficiant?
1090 1712 1227 1775 Termini
1248 1734 1336 1793 sane,
1353 1713 1407 1791 qui

256 1854 317 1897 non
336 1832 525 1906 dividuntur,
546 1832 602 1894 sod
618 1852 655 1893 ex
670 1832 823 1893 divisione
839 1834 973 1912 partium
990 1832 1241 1911 multiplicantur,
1256 1852 1317 1892 uon
1333 1841 1408 1893 sunt
1450 1852 1458 1861 ⁸

258 1951 356 2013 maius
382 1951 435 2012 vel
462 1951 562 2010 minus
591 1950 761 2029 quippiam,
789 1951 845 2011 sed
870 1951 995 2011 maioris
1013 1950 1182 2029 cuiuspiam
1203 1949 1254 2011 vel
1279 1948 1407 2010 minoris

259 2069 310 2129 vel
328 2067 443 2128 minimi
461 2067 540 2128 finis.
569 2066 672 2140 Quare
696 2068 748 2127 ubi
770 2077 963 2147 quotcunque
980 2069 1054 2129 licet
1081 2068 1221 2147 accipere
1237 2067 1409 2147 proportio

197 2171 237 2236 15
261 2184 348 2245 nales
365 2191 483 2262 partes,
502 2190 593 2260 atque
611 2202 746 2262 semper;
768 2185 909 2244 nimirum
938 2185 964 2243 si
988 2183 1045 2245 hae
1069 2182 1224 2261 infinitae,
1244 2203 1320 2261 quas
1336 2183 1409 2245 hinc

262 2302 347 2363 tollis
368 2301 441 2361 illuc
468 2300 607 2380 adiicias,
626 2321 687 2362 non
713 2301 813 2362 minus
837 2303 1025 2362 constituent
1042 2322 1131 2379 quam
1148 2310 1409 2380 quantaecumque

263 2420 393 2481 totidem
410 2420 554 2496 maiores;
574 2421 645 2496 quia
661 2420 841 2481 immensum
858 2441 918 2480 uon
940 2428 1061 2481 constat
1085 2421 1130 2480 ita
1146 2419 1274 2480 infinitis
1294 2421 1410 2500 palmo·

263 2560 331 2600 rum
348 2539 503 2617 quinariis,
528 2546 563 2599 nt
579 2539 661 2599 idern
684 2540 844 2616 quintuplo
866 2538 1005 2617 pluribus
1033 2538 1160 2599 infinitis
1188 2545 1311 2600 constet
1337 2538 1412 2617 digi-

264 2663 365 2717 torum
381 2656 544 2734 quinariis,
563 2664 595 2717 et
620 2657 780 2736 quintuplo
800 2656 941 2734 pluribus
958 2656 1065 2734 digitis
1092 2655 1229 2718 infinitis.
1255 2656 1412 2735 Siquidem

201 2767 246 2831 20
267 2774 298 2834 in
316 2772 437 2834 infinito
449 2772 579 2851 palmus,
597 2773 713 2848 digitus
732 2780 763 2834 et
780 2773 910 2834 milliare
925 2793 984 2832 non
1000 2773 1155 2852 differunt,
1167 2775 1212 2834 sic
1229 2782 1261 2836 et
1276 2773 1414 2836 infinitae

268 2890 409 2950 minimae
427 2896 533 2968 partes
548 2896 580 2950 et
596 2889 734 2950 infinitae
751 2890 841 2949 ulnae
860 2910 920 2950 non
942 2890 1102 2969 differunt,
1120 2889 1258 2951 infinitae
1280 2891 1414 2954 unitates

268 3017 299 3069 et
325 3007 444 3068 infinita
471 3007 621 3069 milliaria.
650 3007 757 3083 Neque
780 3008 860 3068 enim
881 3017 1013 3086 possunt
1030 3026 1099 3070 esse
1117 3008 1194 3070 hacc
1210 3009 1331 3069 infinita
1348 3011 1415 3073 sinc

268 3123 331 3184 illis
347 3123 487 3202 infinitis,
505 3143 604 3201 neque
630 3125 702 3183 illae
728 3124 866 3185 infinitae
892 3125 959 3186 sine
986 3126 1043 3187 his.
1066 3126 1102 3186 In
1119 3126 1238 3187 infinito
1257 3128 1370 3207 qnippe
1389 3128 1417 3189 si

269 3260 347 3300 unus
368 3240 538 3316 quicunque
555 3260 699 3300 numerus
726 3250 775 3301 est
795 3240 915 3318 finitus,
942 3262 1062 3304 omnem
1088 3252 1212 3322 oportet
1232 3263 1311 3321 esse,
1336 3252 1370 3305 ct
1389 3244 1418 3305 si

204 3345 248 3409 ‘25
271 3377 348 3418 unus
365 3356 544 3433 quicumque
563 3357 622 3417 crit
638 3355 698 3417 alio
716 3357 825 3433 maior,
844 3358 944 3437 ipsum
961 3379 1021 3418 non
1040 3360 1099 3420 erit
1115 3357 1276 3421 infinitum.

353 3470 369 3516 l
387 3475 434 3533 68.
456 3476 521 3534 104.
543 3473 631 3532 Haec
647 3473 776 3551 proinde
794 3473 904 3536 divisio
923 3476 953 3535 in
967 3494 1090 3555 semper
1107 3475 1284 3554 divisibilia,
1301 3497 1340 3537 an
1357 3495 1417 3536 non

273 3590 304 3650 in
318 3589 395 3650 illud
412 3589 511 3666 vonit,
528 3589 683 3667 quoidam
702 3590 903 3668 Aristoteles,
916 3592 967 3651 ubi
984 3592 1023 3653 de
1039 3591 1199 3671 principiis
1216 3593 1297 3670 agit,
1316 3594 1419 3671 arguit

275 3708 502 3785 Anaxagoram,
523 3707 560 3767 de
578 3709 663 3768 cuius
680 3709 833 3769 sententia
850 3708 1012 3787 colligatur
1036 3710 1068 3771 in
1096 3709 1213 3769 infinito
1236 3729 1306 3771 esso
1323 3711 1419 3771 infini-

277 3827 336 3887 tiss
354 3826 491 3887 infinita?
510 3827 551 3887 Et
568 3827 612 3889 ita
628 3828 746 3889 infinito
763 3849 888 3890 nurnero
910 3838 1000 3890 eruut
1020 3827 1166 3891 infinities
1182 3830 1294 3890 infiniti
1312 3833 1418 3910 plures

210 3936 254 3999 30
276 3946 400 4004 numeri.

278 4088 341 4096 —-
520 4090 954 4098 ———-----.---—-—--.---.
962 4094 966 4098 .
996 4092 1112 4097 --ι
1365 4093 1406 4100 -

370 4158 399 4204 ll
418 4152 540 4205 abbiamo
554 4153 701 4220 appiuuloe
715 4158 750 4205 30
763 4153 884 4204 abbiamo
897 4154 959 4204 totto
971 4153 989 4203 l’
998 4151 1191 4221 interrogativo
