3428 5138
521 423 676 470 aaaroval
698 425 868 469 aavrasvs
888 425 1158 470 rra'rnaua'rroos.
1388 415 1405 468 ι’)

260 621 368 685 aeque
386 598 473 665 mihi
491 599 598 665 dubia
616 599 705 681 sint,
733 605 772 664 ut
792 621 879 685 quae
901 598 1106 664 difficillima
1125 605 1159 663 et
1178 597 1326 664 absurda
1349 622 1409 686 pu·

258 731 393 810 tantur,
417 747 457 791 ea
484 747 570 811 quae
594 724 785 792 certissima
810 724 983 790 habentur
1006 729 1111 809 atque
1137 723 1407 809 evidentissima,

259 851 370 918 sicubi
403 857 438 917 et
472 850 610 937 quando
634 850 673 916 in
706 850 976 917 controversiam
1009 848 1142 916 fuerint
1165 848 1322 916 adducta.
1352 849 1408 914 Ibi

258 1001 407 1064 namque
425 977 734 1066 praeiudiciolsum
752 985 804 1044 est
819 978 861 1044 de
877 1001 913 1044 re
929 978 1044 1045 minus
1059 1001 1228 1067 perpensa
1244 978 1402 1065 definire,
1428 994 1459 1043 a
1472 979 1527 1040 3v

215 1103 236 1166 ῦ
260 1105 420 1191 iniquum
438 1127 501 1193 pro
520 1103 634 1170 alieno
654 1104 817 1190 obsequio
838 1104 981 1190 sentire,
999 1105 1263 1190 mercenarium,
1283 1106 1407 1173 servile

259 1237 294 1296 et
328 1237 448 1297 contra
483 1230 655 1297 humanae
688 1228 862 1296 libertatis
899 1230 1110 1317 dignitatem
1149 1230 1265 1296 addici
1302 1237 1407 1317 atque

258 1356 432 1441 submitti,
453 1355 729 1444 stupidissimum
746 1376 810 1444 pro
830 1355 1079 1422 consuetudine
1099 1356 1249 1440 credere,
1274 1355 1408 1420 irratio-

258 1482 336 1548 nale
355 1504 417 1569 pro
437 1481 657 1570 opinantium
676 1480 900 1547 multitudine
919 1479 1139 1568 adstipulari,
1157 1480 1256 1567 quasi
1272 1480 1406 1567 sapien-

258 1615 333 1675 tum
357 1630 519 1674 numerus
543 1608 722 1674 infinitum
753 1608 938 1674 stultorum
962 1629 1144 1673 numerum
1168 1629 1328 1695 superare
1352 1607 1408 1672 vel

192 1735 236 1799 10
258 1759 448 1823 exaequare
475 1736 531 1802 vel
550 1735 594 1801 ad
613 1735 727 1822 ipsum
750 1735 893 1822 propius
917 1735 1076 1801 accedere
1095 1734 1234 1820 debeat,
1254 1742 1289 1800 et
1308 1735 1408 1820 quasi

258 1861 430 1947 (etiamsi
459 1867 553 1927 totus
584 1860 733 1927 mundus
757 1861 815 1926 ille
840 1861 885 1926 sit
910 1884 1029 1928 caecus
1054 1862 1117 1927 sub
1141 1861 1328 1928 Aristotele
1352 1863 1408 1928 vel

258 1989 326 2055 alio
346 1988 459 2055 eiusce
477 1987 614 2074 generis
633 1986 730 2071 duce)
750 1994 849 2053 tanta
868 1987 1054 2054 multitudo
1074 1988 1111 2053 in
1129 1987 1283 2054 tenebris
1302 1988 1407 2075 cespi·

258 2121 338 2183 tans
367 2122 402 2182 et
433 2115 632 2203 impingens
651 2115 729 2203 plus
758 2136 863 2200 quam
882 2138 985 2199 unae,
1011 2115 1066 2180 vel
1091 2116 1214 2181 saltem
1239 2123 1408 2202 quantum

258 2263 361 2328 unus,
384 2242 500 2309 valeat
523 2248 559 2308 et
585 2240 716 2325 videat,
737 2263 839 2326 quem
863 2241 930 2307 sibi
954 2241 1075 2308 ducem
1099 2241 1266 2329 praetulit
1294 2247 1328 2306 ct
1355 2239 1409 2305 de·

194 2368 236 2434 15
260 2366 424 2455 signavit.
449 2366 525 2453 Ego
550 2367 617 2450 (vel
644 2367 842 2453 quicunque
869 2367 957 2434 alius
981 2390 1017 2433 se
1040 2367 1157 2455 ipsum
1181 2374 1305 2454 potens
1328 2372 1409 2431 actu

260 2489 378 2557 reflexi
401 2491 545 2558 luminis
569 2496 768 2580 agnoscere)
796 2515 915 2559 sensus
943 2492 1266 2579 intelligentiaeque
1299 2491 1408 2557 oeulis

260 2641 281 2684 a
311 2619 385 2684 Deo
408 2616 561 2685 maximo
588 2618 753 2706 largitore
784 2619 945 2705 donatus,
982 2626 1017 2685 et
1046 2626 1295 2707 consequenter
1330 2639 1410 2684 con-

260 2745 404 2812 stitutus
427 2744 531 2812 iudex
554 2768 744 2833 causaeque
777 2745 987 2834 praefectae,
1011 2746 1269 2835 ingratissimus
1300 2768 1407 2811 essem

261 2882 365 2961 atque
386 2896 546 2959 vesanus,
572 2897 680 2960 eaque
703 2875 845 2942 luminis
872 2874 1142 2963 participatione
1166 2875 1346 2962 indignus,
1379 2875 1409 2939 si

194 2991 240 3055 20
261 3001 393 3068 alienus
423 3001 617 3068 constituar
647 3009 744 3068 actor
778 3007 883 3088 atque
910 3003 1023 3090 pugil,
1056 3003 1179 3069 alienis
1207 3026 1331 3091 nempe
1358 3004 1409 3070 vi·

263 3128 362 3214 dens,
391 3129 545 3196 sentiens
573 3128 799 3214 indicansque
828 3129 1028 3195 luminibus
1057 3131 1128 3198 Ubi
1161 3152 1224 3216 ego
1256 3130 1331 3217 ipse
1356 3131 1408 3196 lu·

262 3253 367 3320 minis
390 3254 548 3320 claritate
571 3277 746 3342 praesum,
766 3277 827 3320 cur
847 3255 1084 3341 angustiorem
1105 3255 1238 3342 ingenii
1257 3255 1409 3322 indolem

262 3403 372 3467 usque
398 3380 490 3471 adeo¹
506 3380 651 3467 indigne
679 3381 862 3448 subiiciam
889 3389 924 3448 et
951 3382 1135 3448 abiiciam?
1162 3382 1219 3447 An
1245 3406 1315 3448 non
1346 3383 1410 3448 ini-

264 3507 450 3593 quissimus
473 3529 581 3574 essem
607 3507 765 3594 partibus
791 3508 835 3574 ad
859 3507 973 3575 forum
993 3508 997 3586 Ι
1018 3515 1176 3575 nostrum
1203 3508 1410 3596 appellanti·
1434 3527 1465 3576 a
1480 3514 1532 3576 4⁹

196 3636 241 3700 25
264 3632 349 3699 bus?
385 3632 553 3700 Veritatis
584 3632 752 3721 dignitati
786 3656 919 3718 vocem,
954 3634 1091 3700 vultum
1125 3633 1409 3721 hypostasirnque

263 3783 361 3827 suam
383 3781 446 3848 pro
466 3767 570 3848 captu
588 3760 730 3826 auribus
746 3758 921 3848 oculisque
939 3760 1067 3826 nostris
1086 3759 1296 3826 inculcanti?
1313 3760 1410 3827 Divi-

263 3913 377 3979 noque
404 3889 556 3973 muneri,
590 3911 658 3975 quo
683 3910 746 3954 nos
769 3911 840 3955 non
863 3897 903 3956 ut
927 3889 1029 3972 caeci,
1061 3888 1118 3954 sed
1149 3888 1202 3953 uti
1230 3910 1408 3956 caecorum

264 4019 368 4085 duces
386 4016 538 4085 ordinati
558 4038 689 4101 sumus,
715 4015 819 4102 inque
847 4015 912 4082 hoc
935 4016 1105 4082 humanae
1135 4015 1236 4103 Reip.
1266 4038 1409 4103 corpore

264 4147 435 4213 intereos
458 4143 739 4226 adnumeremur,
764 4142 888 4228 quibus
911 4165 1037 4209 munus
1067 4150 1171 4229 atque
1193 4142 1287 4210 vices
1313 4144 1408 4230 (quia

195 4268 242 4335 30
262 4271 313 4339 sio
331 4270 471 4338 omnino
490 4293 639 4338 asserere
658 4269 828 4356 cogimur)
847 4270 1023 4337 oculorum
1042 4275 1158 4334 tenere
1180 4268 1407 4356 praecipitur,

264 4404 299 4463 et
328 4396 468 4483 nogotia
498 4396 657 4463 veritatis
691 4404 796 4482 atque
831 4395 918 4461 lucis
954 4416 1017 4482 pro
1051 4392 1184 4460 viribus
1216 4417 1317 4481 agero
1356 4403 1407 4460 cst
