3428 5138
347 439 407 498 258
647 448 787 496 1011111111
807 449 911 495 nsvin
932 448 976 492 111
997 448 1133 509 urano,
1156 448 1203 492 111.

349 609 656 692 Quantascunque,
677 605 736 672 sed
752 611 803 670 est
823 605 1032 690 triquetrum
1054 604 1191 689 aequali
1210 603 1364 690 undiquc
1381 607 1475 668 costa

349 722 583 791 Formandum
602 721 737 804 melius,
756 720 824 785 tibi
844 743 910 806 quo
930 720 1097 785 distantia
1117 726 1210 785 certa

351 840 425 917 Qua
443 839 535 905 latus
555 845 606 905 est
625 838 756 925 pariter
775 842 906 903 sectum
925 835 1059 901 ratione
1075 837 1227 901 refirmet

350 954 584 1042 Propositum,
603 961 639 1018 et
658 953 766 1020 satius
784 952 852 1017 tibi
871 952 957 1018 fiant
975 952 1096 1039 pervia
1116 959 1253 1036 cuncta,
1494 982 1536 1044 p,
1556 966 1647 1030 119

305 1074 326 1137 b
350 1070 495 1148 Quando
514 1069 681 1157 parallela
700 1075 751 1134 est
768 1074 886 1155 partes
904 1091 1064 1154 expressa
1082 1090 1144 1155 per
1163 1090 1290 1133 ornnes.
1469 1093 1498 1134 rs

350 1188 445 1252 Haeo
464 1186 644 1252 Charitum
664 1184 808 1271 cythara
827 1191 892 1269 est,
913 1184 974 1250 uti
993 1190 1075 1249 sunt
1093 1185 1262 1249 elementa
1281 1183 1424 1248 metriae

349 1301 546 1389 Descripta,
567 1301 659 1367 unde
678 1301 776 1367 venit
794 1323 910 1366 rerum
929 1323 1022 1365 mare
1041 1299 1224 1386 gratiaque
1244 1299 1370 1383 omnis,

350 1417 445 1495 Quae
464 1419 596 1507 triplici
615 1419 657 1483 de
675 1418 772 1483 sonte
791 1417 871 1482 fluit
890 1418 1087 1504 clarataque
1105 1416 1238 1503 profert

350 1536 404 1600 Ex
422 1536 564 1621 reliquis
584 1536 730 1621 reliqua,
750 1542 790 1600 ut
808 1534 915 1600 radiis
933 1527 1015 1599 hinc
1034 1533 1184 1620 indeque
1203 1533 1302 1599 flexis

287 1653 329 1716 10
352 1650 468 1715 Efficit
487 1651 571 1717 haec
588 1650 676 1717 lucis
695 1651 849 1716 nectenti
867 1650 1004 1717 foedere
1023 1650 1151 1716 iuncta.
1472 1677 1499 1716 ao

435 1855 568 1927 Quartus
589 1856 697 1916 modus
719 1857 851 1936 optimus
869 1857 1013 1933 omnium,
1036 1864 1067 1916 et
1088 1856 1136 1916 oui
1154 1875 1251 1933 neque
1275 1856 1383 1915 melior
1398 1875 1498 1934 neque

353 1971 432 2032 alius
460 1972 569 2032 similis
592 1971 682 2031 adiici
705 1973 831 2050 poterit,
857 1983 906 2032 est
927 1973 1080 2050 triangulo
1103 1973 1290 2048 aequilatero
1321 1970 1498 2050 efformata,

354 2086 404 2163 qui
429 2107 494 2147 oum
519 2108 554 2147 ex
579 2088 659 2147 omni
684 2088 743 2147 sibi
767 2088 865 2147 latere
890 2087 933 2148 sit
957 2088 1108 2162 aequalis,
1129 2088 1167 2147 ad
1190 2108 1278 2147 omne
1306 2088 1388 2148 latus
1413 2096 1445 2148 et
1461 2088 1501 2147 ad

355 2223 474 2263 omnem
498 2204 644 2281 angulum
674 2202 826 2265 similibus
855 2202 1024 2282 parallelis,
1052 2202 1208 2263 distantiis
1242 2212 1334 2281 atque
1360 2204 1499 2282 partibus

291 2316 331 2378 ll)
357 2326 509 2394 occurret;
533 2317 615 2377 etin
637 2318 744 2378 eodem
766 2318 932 2397 parallelas
954 2319 1103 2379 adamus
1125 2319 1207 2379 latus
1231 2321 1370 2399 accipere
1392 2318 1500 2379 facilli·

355 2453 436 2492 mum
454 2444 503 2492 est
528 2432 669 2494 omniurn.
699 2433 739 2493 Et
765 2435 844 2495 hunc
870 2436 1017 2494 habemus
1045 2456 1100 2513 pro
1127 2434 1192 2494 sole
1220 2434 1300 2495 inter
1326 2455 1497 2511 mensuras;

357 2548 602 2626 quandoquidem
619 2549 703 2610 solus
720 2551 786 2628 ipso
805 2551 940 2629 seipsum
959 2549 1066 2610 atalia
1084 2549 1273 2611 manifestat.

808 2962 961 3030 OAPVT
989 2964 1054 3030 IX.

421 3170 515 3210 Minitua
529 3169 554 3208 ln
569 3169 652 3208 circulo
669 3168 793 3219 reperiam,
809 3171 831 3207 ct
846 3167 1011 3217 triangulorum
1027 3170 1196 3220 sphaericonun
1213 3183 1313 3212 canones
1328 3172 1442 3214 noticiam.

291 3412 335 3476 20
447 3404 504 3467 An
522 3424 593 3467 non
609 3400 781 3466 consimili
799 3400 910 3466 forma
930 3401 1137 3468 discinditur
1157 3427 1256 3470 arcus

361 3518 539 3596 Quotlibet
557 3517 594 3582 in
613 3523 742 3604 partes,
762 3517 1013 3604 minimumque
1032 3520 1185 3606 adusque
1204 3523 1395 3589 notandas?

359 3635 451 3699 Dum
469 3641 647 3718 tamquam
666 3633 786 3720 primis
807 3635 984 3719 consurgit
1003 3637 1162 3723 partibus
1181 3661 1288 3724 acque

359 3751 557 3815 Increscens
577 3749 708 3836 radius²
729 3750 825 3815 cuius
845 3773 1005 3817 mensura
1025 3753 1169 3833 minoris

360 3868 586 3953 Nequaquam
606 3878 754 3952 aresta,
777 3875 812 3934 at
832 3869 995 3954 triquetri
1016 3871 1174 3958 capiatur
1192 3873 1236 3937 ab
1257 3895 1355 3956 arcu,
1494 3908 1507 3946 5

294 3980 337 4042 25
361 3984 466 4049 Cuius
486 3984 668 4049 dimidium
688 3984 741 4049 bis
762 3985 1031 4072 comprendatur
1051 3987 1088 4051 in
1108 3987 1186 4068 illo;

363 4100 649 4187 Quandoquidem
667 4103 703 4166 in
722 4103 826 4189 plano
847 4110 898 4168 est
917 4103 1050 4189 aliquid
1069 4105 1168 4170 radio
1188 4104 1431 4192 adiiciendum,

364 4218 463 4295 Quod
482 4241 544 4305 pro
563 4241 747 4305 suppressa
766 4242 785 4284 a
805 4227 899 4285 recto
919 4221 1106 4287 curvedine
1125 4222 1271 4308 supplet.

362 4335 411 4400 At
428 4357 509 4401 vero
528 4336 708 4423 proprium
727 4337 934 4420 subiectum,
954 4337 1015 4403 ubi
1035 4361 1157 4404 norma
1175 4363 1237 4427 per
1256 4363 1373 4407 ornnes

362 4450 563 4541 Respondet
580 4460 710 4539 partes,
729 4453 853 4542 globus
872 4461 937 4540 est,
957 4459 996 4520 ut
1012 4455 1105 4521 linea
1124 4457 1228 4547 plano
