3428 5138
482 459 528 503 nn
548 458 723 505 rnrucrrns
744 459 922 504 nnusvann
944 461 986 504 ur
1006 461 1162 506 ursiana.
1334 447 1394 506 273

253 632 312 688 que
329 612 430 673 diadis
451 622 542 691 atque
568 613 707 674 monadis
733 615 956 676 combinatione
972 617 1003 675 in
1021 616 1159 690 triadem,
1195 637 1316 676 rursum
1336 638 1395 675 mo-

252 729 332 789 nade
350 750 417 789 cum
439 728 538 789 triade
565 737 597 790 et
624 729 724 790 triade
741 751 808 791 oum
826 731 916 792 diade
934 733 1117 811 composita,
1136 739 1229 810 atque
1246 731 1295 792 his
1312 732 1394 792 aliis·

252 869 311 928 que
346 869 413 910 cnm
441 851 582 928 reliquis,
620 859 769 931 perpetuo
801 851 840 912 ad
868 851 1128 912 innumerabilium
1162 850 1395 930 productionem

253 967 338 1028 varia
349 966 569 1046 multiplicique
587 969 684 1028 coitus
702 969 805 1047 specie
819 987 1012 1047 promovens,
1028 989 1116 1044 quarn
1131 988 1210 1027 nunc
1225 966 1347 1045 quidem
1363 965 1395 1024 in

208 1080 386 1144 {inumeris
413 1091 504 1159 atque
529 1085 680 1145 mensuris
706 1085 930 1160 mathematice,
950 1084 1027 1145 alias
1052 1084 1082 1143 in
1108 1104 1209 1143 rerum
1235 1081 1394 1142 elementis

253 1202 393 1281 physice,
407 1203 577 1278 iterumque
593 1202 625 1262 in
641 1201 734 1262 ideali
752 1203 757 1283 l
775 1222 927 1281 supraque
941 1202 1092 1262 mundana
1109 1201 1238 1278 quadam
1257 1201 1395 1280 prolifica
1406 1203 1446 1263 p.
1456 1187 1554 1251 134

252 1318 321 1378 luce
337 1318 549 1397 metaphysica
565 1318 768 1396 speculamur.

334 1431 398 1494 lb.
421 1434 472 1494 Ad
493 1436 684 1513 propositum
712 1456 785 1514 ergo
813 1435 986 1513 praesentis
1012 1435 1282 1512 contemplationis
1299 1434 1395 1513 appli-

253 1558 372 1627 cantes,
394 1573 432 1612 ex
449 1552 579 1613 monade
591 1560 697 1612 nostra
714 1572 791 1630 quae
809 1560 858 1612 est
874 1561 1005 1631 punctus
1022 1552 1054 1611 in
1071 1551 1302 1631 propagandam
1319 1552 1393 1611 mul·

187 1667 230 1732 10
254 1669 416 1730 titudinem
431 1691 486 1730 suo
508 1670 720 1731 contendimus
737 1669 855 1746 ordine,
879 1670 931 1729 ubi
959 1689 1064 1729 monas
1090 1671 1129 1729 ab
1155 1689 1223 1730 esse
1252 1669 1393 1729 absoluto

253 1788 388 1848 evaserit
402 1787 513 1848 alicubi
535 1789 595 1849 sita
621 1808 739 1861 monas,
765 1787 834 1848 heic
860 1787 981 1865 quidem
1010 1795 1142 1847 atomum
1172 1808 1295 1867 corpus,
1326 1788 1394 1847 heio

252 1924 326 1965 vero
344 1914 483 1984 punctus.
498 1906 559 1966 Hic
575 1913 677 1966 autem
694 1906 734 1966 ad
751 1906 879 1966 alterum
895 1905 1093 1966 constitutum
1111 1903 1200 1966 tinem
1219 1925 1273 1966 seu
1290 1905 1392 1965 termi-

251 2047 322 2086 num
340 2024 478 2086 defluens
489 2025 589 2103 gignit
600 2024 699 2084 diadis
717 2023 921 2101 simulacrum,
936 2023 1057 2083 lineam.
1075 2020 1159 2093 Quae
1174 2022 1293 2084 duobus
1306 2024 1394 2084 finita

251 2144 391 2204 terminis
406 2153 458 2204 aut
472 2164 551 2221 vege
562 2144 736 2205 discurrens
749 2142 826 2202 nihil
845 2143 1052 2220 concluderet,
1068 2144 1216 2221 firmaret,
1232 2144 1392 2223 figurarem

186 2265 228 2330 15
254 2263 304 2324 vel
321 2263 352 2322 in
381 2264 506 2323 tertium
523 2262 684 2323 terminum
711 2281 898 2322 communem
925 2261 1107 2341 applicabit,
1137 2271 1169 2322 et
1196 2274 1267 2322 tunc
1295 2264 1393 2341 prima

250 2380 351 2457 figura
370 2380 525 2457 triangula
542 2377 738 2456 consequitur
753 2378 784 2438 in
806 2399 863 2440 uno
887 2378 993 2439 ordine
1017 2381 1177 2457 princeps;
1196 2380 1247 2440 vel
1266 2388 1393 2456 uterque

251 2497 398 2557 terminus
414 2496 446 2554 iu
463 2496 597 2574 seipsum
619 2495 699 2556 circa
726 2495 856 2556 alterum
872 2513 1038 2556 conversus
1063 2495 1245 2574 reflectitur,
1273 2504 1305 2557 et
1322 2503 1393 2557 tunc

251 2626 300 2678 est
316 2615 414 2695 prima
433 2615 512 2675 alius
533 2615 649 2675 ordinis
671 2614 777 2692 figura.
806 2608 951 2691 Haecque
978 2623 1027 2676 est
1045 2637 1063 2674 a
1079 2615 1218 2676 monadis
1245 2614 1391 2693 imagine,

250 2740 372 2813 puncto,
390 2732 489 2811 prima
503 2731 652 2811 producta
667 2731 759 2809 trias,
771 2739 866 2810 recta,
881 2732 1062 2809 triangulus,
1079 2731 1217 2808 circulus,
1239 2750 1317 2809 quae
1333 2751 1394 2792 om-

183 2846 228 2910 20
250 2852 332 2911 nium
354 2850 577 2927 characterum,
594 2848 761 2927 figurarum
783 2858 814 2910 et
834 2851 998 2927 iniaginum
1019 2855 1091 2910 sunt
1111 2849 1270 2929 principia.
1287 2848 1394 2909 Subin-

250 2967 349 3045 deque
367 2967 405 3027 de
427 2968 536 3028 triadis
557 2968 647 3028 istius
674 2967 790 3046 primae
817 2967 1053 3045 particularibus
1081 2966 1230 3044 principia
1258 2967 1391 3025 omnium

248 3086 387 3164 proxima
404 3095 641 3164 consequuntur,
657 3086 709 3145 ubi
727 3085 890 3166 tripliciter
906 3094 992 3145 recta
1010 3103 1076 3144 cum
1093 3091 1178 3144 recto
1198 3084 1229 3143 iu
1246 3086 1391 3162 angulum

248 3203 403 3264 concurrit
429 3202 468 3262 ad
495 3202 626 3281 triplicis
653 3200 799 3279 trianguli
827 3201 962 3279 speciem
990 3200 1192 3277 educendam,
1222 3221 1299 3278 quoe
1327 3209 1390 3260 tum

247 3327 466 3380 mensuratum
485 3319 699 3379 mensurabilis
717 3340 785 3379 cum
801 3318 916 3398 triplici
937 3316 1118 3379 circulorum
1140 3316 1247 3376 ordine
1270 3336 1390 3395 compo·

182 3437 225 3501 25
248 3440 336 3499 ritur.
355 3438 407 3498 Sic
428 3457 445 3497 e
466 3437 689 3498 mathematicis
706 3437 745 3497 ad
763 3435 994 3516 profundiorum
1011 3435 1195 3495 naturalium
1210 3436 1392 3515 speculatio·

248 3575 318 3616 nem
336 3562 368 3616 et
385 3554 557 3615 divinorum
575 3554 863 3634 contemplationem
885 3553 1087 3632 adspiramus.

328 3668 345 3715 ‘l
367 3672 412 3731 13.
435 3671 572 3732 Primum
593 3670 706 3730 fluente
732 3679 844 3750 puncto
872 3680 921 3730 est
948 3668 1030 3729 linea
1055 3676 1154 3744 reeta,
1184 3686 1260 3744 quae
1285 3670 1312 3728 si
1330 3688 1388 3727 uno

247 3796 382 3848 extremo
401 3789 460 3848 fixo
475 3789 572 3849 altero
587 3796 747 3848 moveatur
769 3808 864 3864 usque
881 3788 921 3847 ad
942 3785 1137 3847 reflexionem
1160 3785 1191 3844 in
1209 3784 1304 3862 idem,
1323 3805 1390 3862 pro-

246 3906 330 3967 ducit
344 3907 481 3985 plannm;
499 3905 580 3983 quod
598 3906 624 3966 si
642 3913 801 3965 constante
819 3913 923 3965 centro
946 3903 1116 3964 invertatur
1144 3900 1335 3961 semicirculo
1357 3900 1388 3960 in

181 4028 225 4091 30
248 4023 470 4086 semicirculum
492 4044 508 4082 e
534 4022 667 4098 vestigio
694 4021 873 4098 confluente,
892 4022 1034 4100 producit
1053 4021 1226 4098 sphaeram.
1255 4017 1313 4078 Vel
1335 4018 1385 4077 ubi

246 4142 346 4204 fluxus
363 4143 468 4221 puncti
485 4141 572 4202 dedit
592 4143 733 4219 longum,
757 4140 856 4200 fluxus
878 4141 963 4217 longi
991 4140 1099 4215 latum,
1120 4139 1218 4199 fluxus
1236 4137 1290 4196 luti
1320 4159 1388 4215 pro-

248 4260 382 4330 fundum,
405 4259 444 4318 ad
466 4267 605 4335 quartum
627 4257 844 4334 magnitudinis
866 4278 963 4333 gorius
983 4278 1042 4316 non
1065 4266 1113 4318 est
1134 4256 1250 4329 aditum
1269 4256 1340 4331 quia
1357 4255 1387 4312 in

508 4399 909 4407 ---.——-—-.——-----
1195 4399 1222 4405 —
1239 4399 1379 4406 .—

343 4464 356 4511 1
374 4460 581 4512 conbinationo
644 4461 661 4509 8
677 4459 856 4525 proppaitum

381 4575 456 4615 transi
475 4576 529 4623 Ομμ.
542 4575 582 4612 tot.
596 4574 614 4617 1,
627 4574 647 4611 3.
1202 4571 1227 4609 tt
