3428 5138
592 438 637 483 uu
657 439 769 484 uirum
791 439 999 487 nxrsrnurm.
1309 427 1366 487 177

224 592 337 672 spaciis
355 600 418 652 tum
434 591 625 653 minimarum
642 593 840 672 sphaerarum
857 599 889 654 et
909 594 1103 672 circulorum,
1121 603 1186 655 tum
1204 603 1237 656 et
1260 595 1367 673 globo·

224 729 326 769 sorum
340 710 520 771 mundorum
540 731 668 790 corpore
684 720 717 773 et
732 711 876 790 regiones
893 713 931 772 ub
949 712 1111 774 interiecto
1128 713 1254 775 aethere
1270 715 1365 774 conti·

223 835 343 890 nentur.
366 830 407 888 Et
419 828 482 890 tele
499 835 548 890 est
564 849 693 892 vacnum
714 829 796 907 quod
812 829 1008 891 Democritus
1025 838 1057 892 et
1074 830 1126 891 alii
1144 830 1365 893 intellexerunt

224 953 311 1008 entre
328 945 469 1024 mundos,
487 945 519 1007 id
537 955 585 1009 est
608 947 689 1007 inter
709 955 793 1008 astru
810 956 843 1008 et
858 955 942 1010 nstra
957 948 1165 1024 interieotnm;
1183 948 1364 1010 mundorum

179 1055 303 1124 benim
328 1064 448 1125 nomine
469 1071 553 1125 astra
581 1066 722 1144 (quorum
745 1085 837 1126 unum
865 1073 913 1126 est
939 1065 1045 1142 tellus)
1071 1065 1269 1142 intellexere,
1299 1086 1362 1127 non

223 1182 334 1244 illude
351 1183 501 1244 somniate
517 1181 702 1244 universalis
715 1182 916 1245 revolutionis
937 1183 1076 1243 subiecto
1094 1183 1357 1261 comprehensum,

221 1307 257 1360 ut
271 1320 325 1362 sno
343 1299 410 1360 loco
428 1299 670 1361 manifestamus.

659 1645 812 1713 CAPVT
845 1645 928 1710 XII.

390 1864 479 1906 Mlnlml
491 1864 515 1905 ln
527 1864 596 1914 plano
608 1862 702 1915 proprla
713 1861 786 1912 figura
797 1865 832 1904 eet
844 1862 953 1914 circulus,
965 1864 989 1903 ln
1001 1862 1073 1904 nclldo
1084 1863 1191 1916 sphaera.

157 2118 200 2182 10
313 2108 526 2196 Simpliciter
544 2106 681 2173 minimi
699 2107 846 2193 simplex
865 2112 917 2172 est
936 2130 1005 2174 una
1024 2106 1137 2193 figura

219 2227 377 2293 Circulus
397 2231 500 2310 atque
519 2224 655 2310 globus3
675 2224 735 2289 fiet
753 2224 881 2311 quippe
901 2247 1001 2290 omne
1020 2225 1212 2292 rotundum

219 2343 390 2410 Cornibus
409 2340 565 2424 abiectis,
588 2340 679 2425 quod
698 2362 768 2406 non
786 2338 872 2405 fecit
888 2340 1035 2426 angulus
1054 2363 1126 2405 esse
1145 2340 1219 2407 hoc.
1385 2356 1509 2432 p‚45

220 2459 380 2546 Pyramis
396 2464 430 2523 et
446 2456 657 2542 triquetrum
673 2461 754 2522 sunt
773 2456 870 2542 queis
883 2457 1028 2543 planum
1044 2462 1148 2542 etque
1162 2458 1345 2543 globosum

220 2576 376 2641 Primum
395 2581 587 2661 composta,
607 2573 645 2638 in
664 2596 820 2659 (puraeque
835 2578 1021 2638 extenuata
1040 2572 1210 2640 feruntur.
1349 2605 1362 2645 5

155 2687 196 2751 15
219 2693 268 2757 At
286 2714 367 2758 vero
386 2692 524 2775 molem,
543 2711 776 2776 quaecumque
794 2693 832 2754 in
850 2710 978 2756 cornua
997 2688 1124 2775 surgit,

218 2809 391 2875 Cornibus
410 2806 577 2894 excinptis
597 2806 689 2893 potis
705 2828 740 2871 es
757 2804 909 2892 cogitare
929 2804 1106 2890 minorem,

220 2925 350 3010 Estque
369 2921 509 3009 figurati
528 2921 656 3009 species
673 2927 809 2987 servata
827 2921 978 2986 rotunda

221 3041 341 3106 Omnis
359 3040 402 3106 ad
418 3045 622 3122 extremnm3
642 3037 825 3103 minimum
843 3059 925 3123 ergo
942 3043 993 3102 est
1013 3059 1113 3103 omne
1133 3039 1321 3106 rotundum

219 3158 261 3223 Iu
281 3157 372 3244 rprrcd
391 3162 536 3222 naturae
554 3157 610 3222 vel
629 3178 748 3221 sensus
768 3154 851 3221 ordo
871 3153 1023 3219 resolvit.
1336 3186 1362 3223 10

152 3272 198 3337 20
219 3274 382 3341 Partibus
402 3272 532 3339 attritis
551 3280 687 3359 tempus
702 3270 787 3336 facit
807 3294 879 3335 csse
897 3269 1080 3355 globosum

218 3391 422 3475 Residuum,
443 3397 478 3455 et
496 3390 586 3456 letus
606 3387 770 3454 obtundit
788 3386 955 3452 distentia
973 3387 1100 3471 multa,

221 3508 314 3586 Quae
329 3507 415 3573 facit
434 3530 454 3572 a
470 3506 613 3571 minimo
632 3504 772 3570 tandem
789 3526 971 3569 vanescere
988 3504 1086 3589 cyclo

218 3624 326 3709 Haeo,
345 3645 492 3708 <pierium
508 3645 550 3688 cx
569 3621 675 3687 oculis
694 3621 823 3707 species
843 3620 1025 3708 absumpta
1045 3619 1183 3686 recedit.

219 3741 312 3825 Ergo
331 3746 496 3827 perpetuo
516 3737 651 3803 minimi
667 3737 808 3824 propria
825 3758 895 3802 unu
913 3737 1025 3823 figura
1042 3744 1102 3802 est.

152 3852 196 3915 ‘25
219 3855 284 3920 Ast
301 3856 361 3922 ubi
381 3855 422 3920 dc
442 3855 584 3920 minimo
604 3853 800 3920 conflantur
819 3875 976 3941 corpora,
996 3852 1124 3940 duplex

218 3972 380 4039 Eiusdem
400 3972 547 4038 occurrit
567 3971 695 4059 species
713 3970 925 4059 physicoquc
944 3977 1140 4056 metreeque

218 4088 297 4171 (Oui
315 4089 429 4154 visum
448 4111 468 4153 a
486 4094 579 4154 terra
598 4087 737 4175 sophiae
754 4087 938 4154 concedere
957 4109 1098 4172 nomen,

219 4205 384 4282 eremvis
402 4227 581 4270 mensurae
600 4205 800 4292 opperiatur
818 4205 855 4270 in
875 4204 1034 4271 omnibus
1053 4212 1165 4288 actum

217 4321 306 4386 Nem
317 4320 401 4386 haec
413 4343 511 4407 mage
523 4327 683 4408 promptu
696 4321 798 4405 subit,
815 4320 926 4408 inagis
938 4328 990 4387 est
1001 4321 1145 4409 antiqua
1156 4332 1305 4410 repert-u,
1333 4353 1360 4391 rc

151 4429 195 4494 30
218 4436 425 4523 Organuque
445 4459 485 4501 ex
501 4436 580 4503 imis
598 4436 744 4503 veniunt
760 4443 879 4524 aptate
896 4443 1068 4527 superne),

342 4554 417 4594 Buuru
435 4554 488 4603 Opp.
504 4555 544 4593 lul.
560 4553 581 4603 1,
599 4553 620 4594 ³.
1162 4556 1188 4596 2³
