3428 5138
490 431 535 476 oa
555 431 732 478 narremus
753 432 931 479 nausiam:
952 433 994 478 ar
1015 432 1170 479 mamas.
1343 420 1402 479 299

771 728 853 773 enas
874 713 899 772 1.

259 917 309 982 At
327 918 357 982 si
376 917 530 983 Naturae
549 918 734 984 coniuncta
752 924 805 983 est
824 917 957 983 Musica
976 917 1114 1002 quando

260 1032 318 1098 Sic
336 1055 437 1119 mage
455 1033 572 1099 vicino
590 1033 739 1119 geminis
758 1034 965 1122 copulantur
983 1033 1131 1118 Honori,

260 1148 432 1217 Obtusum
449 1171 550 1236 mage
569 1149 654 1215 dant
673 1150 815 1235 anglum
834 1171 897 1238 pro
915 1157 1015 1236 parte
1034 1148 1177 1215 minore.

215 1344 237 1410 5
658 1312 661 1317 Ι
758 1376 842 1420 psas
864 1361 909 1421 H.

260 1564 367 1630 Porro
386 1565 429 1630 ad
449 1564 633 1631 sublimem
652 1564 682 1630 si
701 1565 833 1630 Musica
853 1563 966 1628 tendit
984 1563 1177 1648 Honorem,

259 1680 361 1748 Unde
379 1680 435 1746 vel
454 1680 498 1746 ad
516 1681 647 1746 Lusum
664 1679 813 1745 refluant
832 1678 887 1745 vel
907 1678 998 1744 forte
1016 1679 1182 1762 Romam,
1368 1710 1406 1747 110

260 1799 414 1885 Anglum
433 1798 558 1864 maiori
577 1797 663 1864 dant
682 1798 771 1884 cycli
789 1797 827 1862 in
846 1803 945 1884 parte
963 1796 1147 1879 minorem;

261 1912 396 1979 Sufficit
415 1920 450 1979 et
469 1936 606 1981 sensum
624 1912 724 1979 finita
744 1911 885 2000 cuspide
904 1911 1034 1996 firmes,

196 2031 238 2094 10
260 2029 350 2096 Nam
368 2037 468 2096 tanto
486 2030 524 2096 in
542 2051 630 2117 gyro
648 2036 768 2096 tantus
786 2029 862 2095 vult
882 2027 1030 2114 angulus
1050 2051 1132 2094 esse.

756 2255 913 2301 SOLYMV&

262 2448 411 2534 Aequali
429 2456 464 2514 et
482 2447 587 2514 simili
606 2449 777 2535 triquetro
794 2456 952 2516 constare
968 2457 1136 2537 quaterno

260 2565 441 2650 integrum
460 2564 669 2650 triquetrum
690 2566 780 2651 quod
799 2565 884 2632 dant
902 2567 1061 2653 Hermes,
1082 2566 1316 2653 Ganymedes,
1368 2594 1406 2635 ns

261 2683 306 2747 Et
325 2681 482 2748 Charites
500 2681 566 2748 hoc
585 2681 765 2771 archetypi
784 2683 875 2749 claro
894 2683 1014 2750 ordine
1033 2690 1247 2768 monstrant,

196 2804 237 2868 15
262 2798 349 2863 Acta
368 2797 533 2886 parallela
548 2805 588 2863 ut
606 2797 708 2864 lateri
728 2797 852 2885 cuique
868 2798 972 2866 obvia
990 2806 1137 2866 constat.
1415 2812 1563 2888 p,158

789 3031 880 3075 PAR&

262 3222 320 3289 Sic
338 3244 446 3288 unum
466 3221 556 3286 circa
575 3226 737 3286 constant
754 3242 817 3307 pro
833 3240 1006 3307 gnomone
1024 3220 1117 3286 terni

261 3339 392 3422 Primo,
413 3345 447 3402 et
467 3337 628 3423 quadrati
646 3342 762 3424 partes
782 3335 950 3423 quadrata
970 3336 1155 3402 cohaerent

260 3453 412 3519 Palladis
432 3453 469 3517 in
489 3453 633 3540 temple,
653 3448 866 3536 Venerisque
884 3450 1033 3517 rotunda
1052 3450 1220 3517 rotundis.
1367 3479 1405 3518 no

193 3570 238 3634 20
260 3570 347 3635 Cum
366 3568 497 3655 Pylade
516 3576 621 3655 atque
639 3568 735 3635 Horo
754 3575 789 3634 ct
808 3590 886 3634 cum
905 3566 1025 3634 Oreste
1044 3567 1203 3634 ostendet
1221 3566 1340 3650 Iason,

261 3684 368 3771 Sique
387 3686 484 3752 lubet
504 3684 670 3772 quiddam
687 3684 817 3772 poterit
835 3690 1010 3772 praestare
1028 3682 1187 3751 Pericles.

342 3900 451 3961 Omnia
467 3900 571 3977 itaque
588 3906 652 3959 tum
670 3897 780 3977 prima,
803 3905 866 3957 tum
889 3895 1005 3973 media,
1028 3902 1093 3956 tum
1111 3894 1261 3975 proxima,
1282 3899 1347 3953 tum
1365 3891 1405 3953 ad

261 4018 489 4098 inquirendum,
503 4025 567 4078 tum
589 4018 629 4077 ad
646 4015 848 4096 operandum,
868 4025 932 4076 tum
949 4014 988 4075 ad
1007 4012 1279 4074 ‹lemonstrandum
1297 4012 1407 4092 princi-

261 4141 323 4220 pia,
343 4146 498 4200 causaest
515 4139 667 4200 clementa
684 4137 918 4198 substravimus.

734 4370 766 4378 a..
775 4371 837 4378 ...-
