3428 5138
516 421 671 474 anricvcr
692 429 862 474 anvnnsvs
882 413 1150 476 uarrixdarrcos.
1367 396 1406 472 43

267 606 367 692 quale
396 615 613 692 segmentum
637 608 810 695 capiatur;
835 608 883 674 sio
907 608 999 675 enirn
1024 608 1063 694 ᾗ)
1088 607 1216 694 angulo
1244 607 1325 673 iMF
1354 627 1408 670 ae-

267 732 402 817 qualem
419 733 585 817 angulum
601 733 679 799 rGA
692 721 904 799 eonstituisti
915 733 959 798 ad
970 713 1088 798 datuni
1100 741 1278 819 punctum.
1293 733 1344 796 38.
1356 732 1406 798 Ut

266 859 413 944 angulus
432 858 593 924 bifariam
613 858 808 924 dividetur?
826 858 864 924 Si
885 859 924 945 ᾗ
947 867 1116 946 punctum
1137 884 1158 923 a
1177 858 1327 924 bisectae
1346 857 1405 922 NS

266 984 352 1050 fluat
370 985 407 1049 in
423 986 589 1070 angulum
606 986 827 1067 subtensun13
853 993 989 1072 oportet
1007 993 1122 1051 autem
1141 985 1252 1052 basim
1272 984 1327 1050 vel
1354 1007 1408 1050 ae-

221 1117 243 1181 5
266 1113 381 1198 qualia
400 1113 456 1179 vel
475 1113 665 1199 adaequata
685 1135 784 1178 crura
799 1112 985 1179 continere.
1002 1115 1055 1179 39.
1072 1113 1121 1179 Ut
1137 1114 1305 1200 angulum
1325 1135 1408 1199 qua-

266 1262 400 1327 cunque
423 1238 504 1305 data
527 1238 661 1328 ratione
684 1238 859 1304 dividam?
893 1222 1116 1305 Considerato
1140 1239 1232 1325 quod
1256 1240 1405 1326 angulus

267 1375 379 1434 rectus
404 1366 516 1433 estin
544 1365 771 1450 semicircuIO,
796 1372 830 1432 et
854 1372 952 1433 tanto
976 1366 1064 1433 alius
1088 1374 1140 1433 est
1163 1367 1274 1434 maior
1296 1375 1405 1454 recte,

265 1502 395 1581 quanto
419 1493 633 1561 semicirculo
655 1493 825 1560 minorem
848 1516 965 1560 areum
988 1494 1127 1582 recipit,
1151 1501 1319 1581 tantoque
1343 1495 1425 1562 mi-⁴

264 1643 341 1706 nor,
361 1624 491 1707 quanto
511 1619 725 1686 semicirculo
744 1619 869 1706 recipit
887 1620 1062 1687 maiorem.
1082 1620 1237 1687 Arcuum
1258 1643 1339 1708 ergo
1356 1645 1408 1688 ra·

199 1753 242 1819 10
264 1749 358 1816 tione
381 1747 656 1836 comprehendes,
680 1748 770 1813 Item
793 1747 1008 1814 considerato
1024 1749 1116 1834 quod
1138 1748 1176 1813 in
1200 1748 1327 1815 circulo
1349 1771 1408 1816 an·

262 1875 363 1963 gulus
382 1876 443 1963 qui
461 1876 505 1942 ad
525 1883 681 1941 centrum
711 1875 839 1963 duplex
862 1882 915 1941 est
938 1874 970 1940 ei
993 1875 1053 1960 qui
1079 1874 1122 1941 ad
1154 1874 1404 1963 peripheriam,

262 2025 340 2069 curn
360 2003 365 2091 Ι
385 2001 492 2069 fuerit
510 2003 629 2069 eadem
652 2000 848 2090 peripheria
871 2002 963 2069 basis
988 2002 1208 2089 angulorum,
1232 2003 1328 2089 1113)
1348 2025 1406 2069 an·
1429 2007 1459 2068 d
1476 2005 1529 2068 3ν

261 2132 363 2220 gnlus
380 2131 463 2198 RaP
484 2130 612 2219 duplex
629 2138 681 2198 est
698 2131 742 2197 ad
760 2131 928 2218 angulum
953 2130 1059 2197 RNP.
1077 2131 1134 2196 An
1151 2152 1221 2196 non
1238 2130 1275 2196 in
1293 2130 1406 2197 lineae

263 2261 317 2327 aN
335 2259 493 2348 pertibus
512 2281 569 2326 eos
589 2259 747 2345 quisunt
771 2259 864 2324 inter
887 2258 1031 2346 duplum
1055 2265 1090 2324 et
1113 2257 1276 2346 simplum
1299 2282 1406 2346 angu-

198 2395 239 2459 15
262 2389 333 2454 lum
357 2386 593 2453 inveniemus?
617 2385 674 2451 An
697 2408 767 2451 non
791 2385 828 2451 in
851 2385 1010 2473 partibus
1033 2384 1145 2451 lineae
1169 2408 1257 2471 quae
1280 2395 1363 2453 sunt
1386 2410 1406 2452 a

260 2520 390 2602 puncto
414 2537 435 2578 a
457 2513 501 2578 ad
523 2511 635 2578 basim
658 2511 721 2576 ΒΡ
744 2511 1040 2599 perpendicularis
1070 2518 1163 2577 certa
1191 2512 1327 2579 ratione
1358 2513 1407 2578 ul-

261 2650 315 2709 tra
334 2640 477 2729 duplum
495 2639 670 2727 gradatim
690 2639 871 2727 capientur
890 2639 1032 2726 anguli?
1051 2640 1105 2704 40.
1129 2640 1179 2707 Ut
1202 2661 1305 2726 super
1323 2639 1405 2707 dato

260 2775 390 2856 puncto
414 2767 507 2832 intra
536 2766 648 2832 lineae
672 2765 909 2832 extremitates
933 2767 1100 2852 angulum
1124 2773 1256 2832 rectum
1281 2768 1406 2834 consti·

260 2895 377 2960 tuam?
397 2892 449 2978 Si,
468 2915 625 2981 supereo
644 2900 773 2981 puncto
789 2893 902 2981 posito
919 2900 1051 2979 centro,
1069 2894 1151 2960 hino
1170 2894 1318 2979 indeque
1337 2895 1405 2960 duo

194 3035 237 3098 ‘20
259 3028 389 3110 puncta
417 3028 537 3087 mutuo
568 3020 794 3087 circumfluxu
822 3044 1009 3109 supernum
1038 2994 1207 3109 punctum
1238 3020 1404 3086 indicent.
1494 3022 1495 3027 ’

259 3149 311 3215 41.
336 3149 386 3216 Ut
404 3168 509 3235 supra
533 3147 753 3213 extremitate
775 3148 887 3213 lineae
910 3149 948 3234 ᾖ)
973 3146 1039 3212 DA
1073 3148 1240 3234 angulum
1271 3152 1404 3212 rectum

259 3297 318 3342 seu
335 3274 465 3340 lineam
488 3273 749 3360 contingentem
773 3273 953 3341 excitabo?
979 3272 1016 3337 Si
1040 3273 1153 3360 primo
1176 3278 1346 3360 punctum
1371 3273 1404 3336 A

258 3401 348 3468 circa
367 3426 388 3466 a
406 3406 573 3489 punctum
602 3400 885 3487 circumfinxerit,
916 3400 1065 3468 secundo
1084 3399 1145 3466 ΑΟ
1170 3399 1328 3488 capiatur
1346 3398 1405 3464 ba-

258 3528 304 3594 sis
323 3527 492 3615 trianguli
511 3527 714 3614 aequilateri
733 3527 845 3611 AOH;
870 3528 920 3594 sic
943 3527 1036 3593 enim
1059 3527 1095 3592 H
1118 3526 1204 3593 fluet
1227 3526 1265 3593 in
1290 3527 1331 3591 A.
1352 3524 1404 3590 Si-

192 3659 235 3723 25
259 3653 401 3740 milique
431 3653 607 3740 triangulo
635 3660 772 3741 sumpto
803 3653 905 3718 ΛΕΜ
939 3653 1121 3719 definitum
1153 3652 1260 3718 habes
1295 3650 1401 3716 etiam

259 3779 472 3867 triangulum
483 3779 581 3846 brevi
600 3779 901 3867 circumscriptum
913 3778 1031 3844 HMK.
1046 3776 1312 3844 Demonstratio'
1320 3773 1401 3840 inde

259 3915 324 3993 est,
343 3908 436 3994 quod
454 3931 553 3974 arcus
572 3907 663 3973 idern
683 3907 802 3974 circuli
821 3914 874 3973 est
892 3929 1055 3973 mensure
1069 3907 1224 3973 omnium
1243 3906 1401 3971 laterum.

258 4035 310 4099 42.
329 4034 379 4102 Ut
397 4033 545 4120 angulus
564 4033 649 4100 duos
667 4033 729 4099 uni
748 4040 842 4100 recto
861 4033 1020 4119 aequales
1036 4031 1148 4098 dabo?
1170 4030 1207 4096 Si
1222 4032 1260 4118 ’Σ
1275 4029 1319 4096 ab
1344 4051 1403 4095 an·

258 4160 340 4247 gulo
363 4159 396 4225 G
419 4159 588 4247 trianguli
611 4159 706 4225 Bor
730 4160 774 4225 ad
797 4159 908 4226 basim
932 4159 993 4224 BF
1017 4158 1055 4223 in
1078 4159 1244 4244 angulum
1269 4161 1401 4221 rectum

557 4333 612 4339 —...
625 4333 729 4338 ..---—-
754 4332 758 4337 ·
787 4333 799 4337 -
863 4331 935 4337 -η
971 4329 1220 4337 -φ---ψ-..ι-ν-
1230 4329 1299 4336 .--
1314 4330 1331 4334 -
1341 4328 1391 4336 —u

351 4423 367 4474 5
379 4437 431 4490 per
443 4436 537 4472 errore
550 4419 587 4471 ta
598 4423 636 4472 79.
654 4420 715 4485 Csr.
729 4438 746 4470 a
755 4437 786 4485 p.
801 4421 850 4480 36,
868 4422 881 4469 t
