3428 5138
634 418 679 463 nu
700 419 812 464 aarum
833 419 1039 467 asternunt.
1347 410 1404 467 153

265 582 297 634 et
312 573 520 633 subdividanti
537 573 707 650 minimum,
729 573 809 635 sicut
826 595 844 634 a
861 574 946 635 finito
968 595 1092 638 numero
1109 595 1266 637 numerum
1284 577 1405 638 subtra-

264 690 347 750 henti
361 690 529 765 monadem,
548 689 671 749 tandem
687 711 845 751 occurrere
862 710 989 753 necesse
1007 700 1063 752 est.

344 810 360 857 ‘l
378 809 425 867 26.
443 807 491 866 32.
512 807 641 866 Duratio
659 807 799 867 absolute
814 816 863 868 θεῖ
876 809 995 868 infinita
1014 808 1065 889 (de
1082 809 1187 868 mundi
1203 809 1293 870 huius
1308 818 1403 870 aeter·

263 923 358 984 nitate
374 924 424 984 vel
438 934 575 1002 tempore
591 944 650 984 non
665 925 805 1004 definio);
820 926 900 987 unde
915 927 981 988 sive
996 947 1118 1005 semper
1132 925 1247 989 fuerint
1261 926 1328 989 sive
1342 948 1403 990 non

219 1042 240 1105 ἵ)
264 1040 392 1119 fuerint,
411 1041 478 1102 sive
495 1051 643 1121 perpetuo
661 1042 723 1102 siut
741 1043 790 1103 vel
807 1064 868 1103 nou
885 1043 947 1105 sint
964 1042 1067 1104 futura
1082 1063 1160 1121 quae
1177 1043 1402 1105 indissolubilia

263 1167 417 1238 coustant,
435 1160 486 1220 vel
503 1179 562 1220 uno
579 1168 730 1236 manente,
755 1160 875 1222 duratio
897 1170 946 1223 θεῖ
966 1170 1091 1223 aeterna
1108 1185 1126 1224 a
1142 1173 1231 1243 parte
1255 1163 1401 1225 anteriori

262 1289 332 1340 aute
356 1281 414 1340 hoc
439 1288 471 1340 et
495 1289 566 1357 post
588 1280 647 1339 hoc
672 1289 703 1340 et
727 1280 886 1356 quodlibet
911 1283 1059 1360 temporis
1086 1282 1167 1361 quod
1195 1283 1329 1362 accipias
1355 1281 1400 1341 in·
1423 1288 1547 1362 p,23

261 1405 360 1474 stans,
379 1397 417 1455 ad
436 1417 526 1473 quam
541 1417 613 1457 sane
632 1397 712 1457 omni
727 1398 833 1477 procul
858 1399 950 1459 dubio
971 1399 1030 1460 hoc
1054 1401 1174 1461 instans
1201 1401 1253 1461 vel
1279 1408 1402 1478 tempus

263 1534 321 1590 quo
340 1513 440 1574 scribo
458 1513 528 1573 finis
547 1522 603 1573 est.
625 1514 735 1590 Itaque
756 1534 804 1574 me
825 1515 1011 1595 scripturum
1027 1515 1119 1577 hodie
1139 1517 1178 1577 ab
1200 1516 1259 1576 hoc
1273 1514 1403 1575 instanti

199 1633 240 1696 10
263 1630 301 1689 ad
319 1630 495 1689 immensam
509 1629 708 1708 praeteritam
725 1629 914 1693 durationem
927 1632 986 1705 fuit
999 1652 1117 1710 verum,
1135 1644 1166 1692 et
1178 1651 1225 1692 me
1237 1631 1401 1711 scripsisse

264 1747 389 1823 falsum;
409 1767 456 1807 me
474 1767 548 1807 vero
565 1747 728 1825 scripsisse
745 1749 783 1808 ab
800 1747 858 1808 hoo
883 1756 1021 1828 tempore
1038 1749 1077 1809 ad
1098 1749 1276 1809 immensam
1293 1747 1400 1807 nihilo·

263 1864 360 1924 miuus
378 1863 568 1924 durationem
585 1865 645 1925 erit
662 1884 783 1937 verum,
801 1872 833 1925 et
849 1874 884 1925 ut
901 1865 973 1925 olim
992 1864 1175 1944 scripturum
1200 1864 1313 1926 falsum
1331 1863 1399 1925 erit.

263 1984 344 2060 Ergo
362 1983 394 2042 in
411 1982 491 2040 omni
506 1988 618 2060 puncto
635 1980 820 2057 durationis,
838 1991 928 2057 atque
951 1983 1049 2043 omnis
1074 1981 1243 2043 durationis
1270 1989 1401 2062 punctus

263 2109 311 2160 est
326 2098 506 2179 principium
524 2099 589 2158 sine
607 2097 666 2157 fine
689 2107 720 2157 et
741 2097 811 2157 finis
833 2098 898 2159 sino
916 2100 1075 2178 principio.
1092 2100 1172 2159 'Pota
1190 2119 1263 2177 ergo
1278 2097 1399 2161 duratio

199 2211 239 2273 15
263 2225 311 2276 est
327 2215 477 2275 infinitum
495 2215 612 2274 instans
629 2213 709 2273 idom
727 2214 909 2293 principium
926 2224 957 2275 et
975 2215 1052 2277 finis.

342 2342 357 2388 t
376 2335 422 2391 38.
446 2330 549 2390 Simile
567 2350 621 2389 suo
640 2329 729 2389 modo
744 2329 887 2390 iudicium
905 2340 954 2392 est
970 2331 1008 2392 de
1026 2333 1107 2392 omni
1124 2339 1236 2410 puncto
1254 2331 1349 2411 spacii
1368 2338 1399 2391 et

261 2448 478 2527 magnitudinis
492 2448 523 2507 iu
536 2448 615 2508 molo
633 2449 777 2527 universi,
793 2449 828 2527 si,
844 2457 878 2509 ut
891 2451 1053 2528 probatum
1070 2459 1119 2510 est
1134 2450 1164 2509 in
1180 2449 1257 2509 libro
1275 2449 1327 2509 De
1351 2449 1398 2509 in·

262 2569 389 2645 l'iuito,
407 2575 455 2627 est
470 2566 662 2642 immensum3
680 2567 732 2626 ubi
750 2567 843 2628 tellus
864 2588 925 2627 non
946 2567 1044 2644 magis
1066 2575 1115 2627 est
1135 2567 1165 2626 in
1187 2566 1286 2628 medio
1309 2587 1398 2645 quam

260 2689 344 2764 luna,
365 2687 425 2764 sol,
443 2686 532 2765 polus
550 2694 581 2746 et
598 2686 706 2746 omnia.
719 2687 755 2747 In
769 2706 860 2763 quam
874 2683 1162 2765 contemplationem
1179 2684 1324 2746 devenire
1338 2704 1399 2743 non

194 2805 238 2868 ‘20
261 2811 438 2884 potnerunt,
457 2802 565 2880 quibus
583 2803 648 2864 eius
664 2811 778 2863 motum
793 2802 875 2863 circa
892 2803 1049 2882 proprium
1066 2811 1202 2863 centrum
1218 2821 1279 2862 non
1293 2818 1400 2880 perce·

260 2922 344 3001 pisse
358 2920 452 2980 licuit.

339 3037 365 3097 l.
387 3037 572 3115 Principium
591 3045 622 3095 ot
639 3035 868 3096 fundamentum
885 3055 1021 3095 errorum
1037 3034 1181 3112 omnium,
1198 3033 1305 3093 tamin
1320 3033 1398 3112 play-

259 3158 322 3218 sica
349 3165 413 3216 tum
435 3155 468 3214 in
496 3154 641 3231 mathesi,
667 3162 715 3214 θεῖ
738 3153 885 3214 resolutio
913 3152 1047 3214 continui
1067 3152 1098 3212 in
1114 3151 1274 3213 infinitum.
1297 3152 1396 3213 Nobis

260 3295 332 3334 vero
344 3275 498 3351 probatur,
512 3281 576 3330 tum
587 3276 792 3330 naturae'tum
807 3270 882 3330 artis
896 3290 988 3331 verae
1005 3269 1231 3347 resolutionem,
1251 3288 1329 3345 quae
1344 3289 1396 3329 ex·

193 3394 235 3455 ⁶25
260 3401 306 3450 tra
324 3399 461 3449 naturam
484 3385 687 3464 nortmania,
710 3409 728 3446 a
749 3387 957 3465 magnitudine
975 3386 1061 3447 linita
1079 3393 1111 3448 θῖ
1126 3405 1251 3446 numero
1269 3384 1394 3445 descen-

259 3507 332 3567 dere
349 3507 378 3565 in
401 3514 551 3581 atomum,
579 3515 642 3564 tum
669 3524 743 3565 voro
767 3512 911 3583 naturae,
934 3513 997 3564 tum
1020 3502 1180 3582 conceptui
1208 3501 1393 3579 adiiciendo,

259 3624 379 3683 modum
397 3623 489 3682 ullum
505 3643 522 3681 a
538 3622 630 3681 robus
648 3641 707 3680 non
726 3640 794 3681 esse
810 3620 1022 3696 constitutum,
1039 3618 1098 3679 nisi
1111 3618 1150 3678 ad
1163 3625 1313 3678 certarum
1325 3636 1395 3695 spc-

261 3742 371 3800 ciorum
391 3737 616 3818 particularium
638 3746 776 3798 naturam
798 3736 984 3814 respicienti.
1012 3734 1171 3795 Minimum
1192 3753 1266 3812 ergo
1283 3732 1395 3811 ubique

261 3867 308 3918 est
326 3877 471 3936 praesens
492 3864 583 3931 atquo
601 3874 734 3933 semper,
753 3853 914 3914 maximnm
936 3871 1009 3912 vero
1031 3871 1179 3929 nusquam
1205 3858 1297 3927 atque
1322 3869 1395 3909 nun·

193 3979 236 4037 an
259 3994 357 4050 quarn
375 3973 537 4031 Maximum
558 3979 657 4031 tamen
675 3980 766 4048 atque
784 3970 939 4030 minimum
954 3969 998 4029 ita
1015 3969 1047 4028 in
1061 3988 1150 4028 unam
1167 3975 1299 4047 possunt
1314 3967 1395 4029 coire

259 4093 415 4166 rationem,
431 4101 464 4148 ut
478 4089 548 4147 inde
561 4089 652 4148 etiam
663 4088 824 4148 maximum
842 4086 953 4163 ubique
971 4104 1040 4148 esse
1058 4105 1286 4164 cognoscamus,
1301 4104 1394 4162 quau-

259 4208 419 4282 doquidern
439 4227 494 4285 per
511 4227 548 4266 ea
571 4224 649 4283 quae
671 4205 753 4266 dicta
773 4212 844 4265 suut
864 4204 1025 4264 maximum
1047 4202 1077 4262 in
1102 4200 1225 4264 miuimo
1255 4209 1287 4262 et
1312 4202 1396 4261 mini·

260 4345 339 4383 maun
356 4324 387 4381 in
404 4323 532 4382 maximo
549 4323 717 4383 consistere
735 4329 866 4398 constat,
886 4318 1138 4398 quemadmodum
1154 4319 1185 4379 iu
1199 4317 1394 4379 multitudino

254 4461 371 4515 monas,
402 4440 430 4497 iu
463 4438 591 4500 monade
621 4439 794 4501 multitudo.
823 4437 970 4511 Quamvis
997 4437 1100 4517 potius
1127 4437 1206 4497 ratio
1228 4442 1260 4496 et
1285 4442 1394 4494 natura

394 4550 466 4590 tinam
482 4553 535 4599 (ηιμ.
550 4550 588 4588 lut.
603 4549 624 4595 1,
636 4550 656 4588 ³.
1209 4546 1235 4586 80
