3428 5138
608 435 653 479 ns
674 435 877 482 invencione
897 436 1018 483 irinum
1325 424 1384 482 241

244 585 329 645 ribus
353 585 545 662 regularibus
573 586 715 666 adposita
734 587 872 649 eiusdem
893 590 1016 668 figurati
1038 591 1280 670 magnitudinem
1298 612 1385 654 exau-

240 713 342 781 geant.

321 833 339 879 n
359 824 407 881 32.
430 822 473 882 Ut
488 824 663 884 necessario
682 844 719 885 ex
737 825 874 903 orbibus,
899 847 1026 902 quornm
1050 828 1181 891 circulus
1206 839 1255 891 est
1279 831 1386 890 termi-

240 959 305 1017 nus,
322 949 541 1018 componantur
558 941 716 1018 sphaerae,
736 941 767 1000 in
783 962 860 1026 quos
875 943 966 1004 etiarn
981 946 1177 1006 resolvantur
1191 955 1322 1025 oportet,
1334 947 1386 1023 qui

196 1055 329 1117 hunius
347 1057 444 1136 partis
471 1076 527 1117 sen
552 1058 667 1118 minimi
695 1058 896 1138 spissitudine
918 1061 1106 1140 consistant,
1125 1082 1192 1123 eum
1219 1071 1303 1123 certo
1328 1084 1383 1142 pro

240 1175 433 1253 peripheriae
450 1176 623 1236 conditione
641 1176 834 1238 latitudinem
849 1198 903 1240 seu
921 1200 1022 1240 aream
1044 1181 1216 1260 complente
1243 1201 1383 1259 numero;

242 1291 322 1351 unde
339 1292 429 1352 facile
448 1292 486 1352 de
503 1293 631 1353 aliorum
649 1314 809 1373 corporum
832 1304 864 1356 et
884 1296 1043 1375 planorum
1071 1297 1293 1376 compositione
1310 1297 1385 1359 iudi-

242 1407 319 1467 cium
337 1417 548 1484 consequatur.
571 1409 676 1470 Facile
697 1412 777 1471 enim
799 1420 848 1473 est
872 1412 994 1492 videre,
1021 1434 1081 1490 qua
1107 1415 1226 1474 ratione
1254 1415 1385 1476 circulus

241 1528 347 1589 finitus
364 1549 418 1590 sex
435 1530 568 1609 partium
585 1531 725 1592 terminis
741 1532 902 1610 adsurgat,
922 1533 1160 1610 quibuscumque
1177 1531 1385 1594 divisibilibus

178 1636 220 1699 10
243 1647 304 1707 illis
321 1647 469 1709 adsuitur.

321 1761 407 1826 ΜΟ.
429 1767 494 1827 Nec
519 1767 649 1846 impedit
677 1788 776 1843 neque
794 1767 962 1847 impeditur
983 1767 1064 1843 qnod
1084 1767 1223 1847 perfecto
1250 1768 1386 1847 sphaeri-

241 1903 308 1942 cum
325 1892 357 1943 ot
375 1884 522 1943 circulare
543 1883 593 1945 vel
615 1885 707 1945 etiam
733 1885 947 1961 cuiuscumque
973 1885 1091 1962 figurae
1117 1905 1240 1962 eorpus,
1270 1886 1296 1946 si
1319 1906 1386 1964 pro·

241 2000 365 2061 fundius
384 2005 388 2079 l
408 2002 591 2080 consideres
603 2023 658 2081 per
668 2002 776 2082 praxin
786 2023 846 2063 non
859 2003 958 2081 possit
969 2002 1061 2062 ullam
1074 2002 1302 2082 comprehendi3
1314 2005 1385 2081 quia
1396 2023 1436 2084 p.
1446 2008 1543 2071 103

240 2120 412 2195 globositas
426 2131 516 2197 atque
531 2122 720 2182 circularitas
735 2121 858 2201 proprie
873 2130 964 2197 atque
978 2141 1034 2200 per
1047 2141 1081 2181 se
1098 2122 1149 2180 uni
1163 2121 1292 2200 infinito,
1304 2123 1385 2198 quod

177 2229 218 2291 15
243 2259 297 2315 por
313 2246 411 2298 totum
428 2248 477 2299 est
493 2239 565 2317 tale,
584 2239 744 2300 verissime
763 2259 931 2317 congruere
948 2239 1143 2317 comperitur.

322 2359 406 2418 ΜΟ.
430 2359 578 2437 Leucippi
603 2379 741 2436 campum
774 2366 805 2417 et
832 2378 935 2418 aream
964 2357 1131 2418 Democriti
1159 2359 1382 2436 contemplare,

241 2485 275 2535 ut
292 2477 413 2555 possint
429 2485 460 2537 te
478 2477 517 2536 ad
535 2497 654 2538 omnem
671 2495 843 2537 mensuram
861 2496 898 2536 ex
920 2475 1034 2537 minimi
1051 2476 1295 2538 consideratione
1316 2498 1384 2555 pro-

242 2613 373 2653 movere.

322 2707 338 2753 ‘¹¹
360 2713 408 2770 60.
430 2711 479 2770 Ibi
495 2710 580 2789 vide,
598 2731 657 2787 quo
675 2710 782 2772 ordine
800 2711 881 2771 circa
897 2717 1035 2770 centrum
1049 2717 1113 2769 tum
1128 2708 1227 2770 lineae
1244 2709 1388 2789 multipli-

176 2826 220 2888 ‘20
244 2835 349 2887 centur
366 2834 457 2903 atquo
474 2827 565 2905 rodii,
584 2837 648 2888 tum
665 2828 796 2907 plurium
812 2828 992 2889 circulorum
1007 2826 1131 2887 ordines
1150 2847 1216 2886 oum
1235 2847 1291 2886 sua
1305 2825 1386 2887 serie

242 2946 374 3024 partium
392 2955 549 3007 crescente
567 2966 691 3006 numero
713 2924 892 3022 succedant,
910 2944 1061 3022 quomodo
1080 2943 1153 3005 item
1177 2945 1207 3004 in
1224 2945 1386 3023 superficie

243 3067 281 3125 ad
300 3067 401 3144 polum
420 3065 625 3142 individuum,
643 3065 721 3125 etin
738 3062 949 3143 profunditate
970 3063 1008 3123 ad
1030 3064 1222 3125 individuum
1249 3071 1386 3124 centrum

243 3185 359 3263 pariter
385 3185 415 3243 in
444 3182 576 3244 diversis
604 3184 745 3243 continuo
782 3182 840 3243 sibi
870 3181 1104 3243 succedentibus
1133 3182 1238 3242 ordine
1266 3184 1387 3243 circulis

244 3324 339 3380 usque
357 3302 508 3380 adipsum
526 3299 686 3360 monadem
701 3320 826 3359 nurnero
847 3299 1042 3374 decrescant;
1069 3299 1119 3357 ubi
1137 3299 1229 3358 etiam
1251 3299 1386 3358 multitu-

178 3422 221 3486 25
245 3424 346 3482 dinem
364 3423 545 3481 circulorum
562 3441 628 3480 cum
651 3420 773 3495 trigono
793 3419 912 3497 spacio,
935 3426 967 3477 et
982 3417 1181 3496 sphaerarum
1203 3439 1271 3478 curn
1288 3438 1387 3477 recur-

245 3562 349 3600 varum
377 3538 570 3618 pyramidum
600 3536 690 3597 simili
721 3555 860 3611 nurnero,
896 3535 1009 3612 integri
1043 3535 1284 3613 magnitudinem
1316 3533 1389 3594 dcli-

245 3658 351 3718 ninius.

324 3772 409 3834 llil.
433 3774 476 3834 Ut
497 3794 557 3833 nou
585 3782 658 3848 quot
684 3779 756 3831 snut
781 3778 886 3848 partes
913 3768 1120 3848 peripheriae,
1142 3777 1190 3828 tot
1217 3767 1388 3826 habeantur

245 3895 344 3954 lineae
361 3891 397 3952 ad
418 3902 555 3951 centrum
573 3909 667 3965 usque
685 3894 860 3966 protensam
877 3886 931 3948 sed
947 3897 1096 3965 perpetuo
1108 3905 1162 3945 sex
1178 3883 1387 3944 tantummodo

1201 3970 1210 3995 9

178 4016 222 4078 30
245 4013 398 4073 minimum
415 4010 547 4070 medium
569 4009 733 4085 attingunt.
756 4005 816 4066 Sex
837 4013 908 4065 sunt
932 4004 998 4064 sine
1025 4004 1104 4064 linea
1132 4011 1259 4081 puncta,
1278 4003 1388 4079 quibus

244 4141 389 4190 externus
401 4128 530 4187 circulus
542 4147 634 4205 super
644 4123 818 4184 immediate
830 4122 998 4183 subiectum
1007 4122 1159 4181 internum
1170 4119 1315 4180 excrevit.
1328 4122 1388 4180 Sex

243 4255 346 4307 rectae
361 4252 432 4306 sunt
445 4267 462 4303 a
474 4242 648 4323 peripheria
662 4261 770 4302 versus
786 4248 923 4302 centrum
933 4240 1052 4299 duobus
1063 4245 1240 4298 constantes
1252 4237 1387 4317 punctis,

337 4449 370 4497 26
386 4445 577 4511 pyramidum,
592 4443 680 4493 simili

379 4560 455 4598 lidus!
473 4561 526 4608 Opp.
543 4559 583 4597 lut.
600 4558 621 4603 l,
639 4558 660 4596 ³.
