3428 5138
250 387 309 449 232
549 401 689 448 1011111111
710 401 812 448 saum
833 403 879 447 1111
897 402 1033 466 inmun,
1055 404 1089 449 11.

251 559 381 620 circulus
398 559 508 619 ODEF
524 559 701 620 involvitur.
718 558 838 620 Puncta
853 560 934 620 enim
951 560 975 620 0
990 561 1091 639 tangit
1103 560 1133 620 A
1146 560 1311 641 principio,
1325 568 1404 622 tau·

250 675 379 753 clamque
396 677 537 737 continue
557 675 703 754 rotando,
726 676 848 754 punctis
868 676 1045 754 singulatim
1066 675 1302 753 immediateque
1322 677 1401 738 aliis

252 800 323 871 post
338 793 415 853 alios
432 793 680 870 succedentibus,
698 791 836 852 vicissim
849 811 883 853 sa
901 812 995 853 curva
1011 801 1103 871 atque
1120 800 1206 854 recta
1220 793 1401 872 punctuali-

251 919 299 972 ter
309 910 556 989 contingentibus
565 911 648 971 idem
659 910 840 990 principium
852 910 876 971 (l
887 910 991 971 veniat
1003 910 1043 971 ad
1055 919 1228 973 contactum
1240 910 1338 991 ipsius
1347 912 1396 989 B;

208 1038 228 1103 5
251 1029 331 1087 unde
351 1028 453 1090 nuilus
474 1027 566 1104 fugae
587 1027 638 1089 vei
658 1027 848 1089 excusationi
868 1026 955 1088 locus
976 1046 1046 1089 esse
1066 1035 1186 1108 potest,
1212 1048 1271 1105 qua
1290 1027 1396 1091 minus

253 1147 356 1208 miseri
373 1147 529 1208 infinitarii
546 1146 636 1208 fateri
655 1147 788 1208 debeant
809 1145 946 1207 infinitas
967 1146 1144 1226 singulatim
1161 1154 1265 1208 rectae
1285 1155 1396 1226 partas

254 1266 292 1324 ab
309 1264 436 1325 infinitis
452 1284 563 1325 curvae
581 1262 721 1343 partibus
740 1282 809 1325 esse
825 1262 1021 1342 praeteritas,
1041 1261 1122 1324 sicut
1141 1264 1309 1342 punctatim
1323 1284 1394 1326 con-

253 1380 337 1442 tinue
354 1389 445 1456 atque
461 1381 620 1458 sigillatim
636 1389 781 1461 puuctum
797 1385 909 1460 puncto
928 1379 963 1440 fit
980 1379 1164 1458 contiguum.

334 1498 351 1546 ‘l
373 1500 419 1558 29.
437 1498 549 1560 Melius
567 1519 641 1577 ergo
657 1499 753 1580 (quod
770 1508 802 1560 et
822 1496 1042 1578 necessarium)
1064 1504 1113 1559 ast
1133 1505 1256 1578 putare,
1285 1507 1392 1579 partes
1416 1516 1458 1578 p.
1475 1502 1551 1566 94

188 1621 230 1683 10
253 1624 297 1694 et,
312 1617 421 1694 quibus
437 1624 543 1696 partes
558 1616 698 1696 partibus
718 1617 945 1696 continuantur,
964 1616 1111 1677 terminos
1129 1636 1197 1679 esse
1214 1616 1315 1694 linita3
1332 1625 1395 1678 ter-

253 1733 401 1794 minorum
424 1733 498 1795 item
514 1742 606 1812 atquc
623 1734 755 1813 partium
773 1742 876 1795 mutuo
897 1753 931 1794 sc
953 1733 1202 1811 consequentium
1222 1734 1390 1815 potentiam

252 1872 312 1914 nou
332 1873 371 1912 ex
390 1860 499 1913 natura
514 1850 676 1930 infinitam,
696 1851 752 1912 sad
775 1872 812 1912 ex
834 1851 977 1913 instituto
995 1850 1046 1911 vel
1063 1869 1137 1911 casu
1158 1851 1210 1912 vel
1233 1851 1325 1912 etiam
1341 1872 1393 1912 na·

254 1978 322 2031 tura
336 1967 533 2031 indefinitam.
552 1968 603 2028 Ad
619 1969 736 2047 praxim
754 1968 867 2047 quippe
894 1975 1031 2029 nostram
1050 1967 1130 2028 adeo
1153 1987 1249 2046 usque
1269 1968 1392 2028 termini

255 2096 346 2164 atque
363 2096 468 2167 partes
486 2096 556 2149 sunt
573 2087 763 2165 indefinitae;
787 2088 857 2167 quia
874 2087 998 2147 minimo
1022 2107 1095 2148 vero
1113 2109 1133 2147 a
1149 2086 1272 2147 minimo
1293 2088 1392 2149 uestri

191 2201 232 2263 li)
255 2224 364 2266 seusus
384 2215 415 2266 et
433 2204 535 2285 operis
555 2205 650 2265 multo
668 2205 831 2265 intervallo
848 2203 1025 2280 recedente,
1045 2203 1148 2264 evenit
1165 2211 1199 2263 ut
1215 2223 1295 2281 vage
1311 2201 1391 2264 ratio

256 2321 452 2400 practicando
471 2321 590 2383 dividat
608 2331 638 2382 et
659 2329 835 2399 componat,
854 2320 936 2398 quod
953 2327 1105 2380 certorum
1121 2340 1316 2381 numerorum
1333 2318 1392 2380 dif-

256 2442 399 2504 ferentiis
416 2461 453 2502 cx
469 2442 513 2502 rei
532 2440 664 2503 veritate
682 2439 832 2504 consistit.

699 2835 852 2906 curvi
879 2783 959 2904 111.

288 3032 421 3083 Conclusio,
433 3035 458 3071 ut
468 3043 495 3071 cx
507 3031 590 3070 ririutc
602 3028 775 3071 consuetudinis
786 3029 894 3070 credendi
907 3029 971 3069 salsis
983 3040 1062 3070 sensus
1074 3030 1143 3070 etiarn
1155 3030 1203 3081 lpse
1216 3031 1369 3082 perturbatur.

192 3253 236 3315 ‘20
346 3246 424 3311 Non
444 3245 558 3310 minus
576 3244 633 3309 hic
651 3243 738 3309 falso
754 3242 835 3309 fidei
854 3243 1056 3310 fundamine
1075 3267 1195 3311 seusus

261 3365 391 3430 imbuit
411 3363 549 3428 insanos
568 3361 689 3449 primis
709 3361 891 3426 suetudine
910 3361 953 3427 ab
973 3361 1088 3444 anuis,

261 3482 371 3558 (liram
391 3487 529 3545 sanctus
544 3479 648 3544 habet
668 3477 726 3543 ille
746 3478 812 3543 Dei
831 3479 895 3544 sub
913 3500 996 3543 voce
1013 3477 1201 3565 professum

261 3597 339 3662 Non
356 3596 469 3661 miuus
488 3595 545 3659 hic
562 3594 669 3680 gestit
690 3600 866 3680 tamquam
882 3616 946 3681 pro
964 3593 1096 3660 lumine
1114 3591 1252 3679 adepte,

261 3713 371 3790 Quam
390 3735 452 3800 pro
472 3710 630 3797 sepositis
649 3718 765 3796 grates
784 3709 858 3795 agit
877 3710 935 3775 illc
953 3708 1114 3774 tenebris.
1383 3738 1396 3775 1

194 3834 237 3897 ‘25
259 3829 352 3894 Hinc
372 3828 429 3894 isti
446 3849 655 3913 qumnquam
674 3831 856 3892 occurrant
874 3823 1060 3890 manifesta
1074 3846 1136 3911 per
1155 3845 1291 3889 omnem

261 3949 406 4014 Sensum
426 3947 634 4033 importune,
655 3953 689 4010 et
708 3946 826 4011 valvas
845 3942 991 4009 rationis
1010 3942 1120 4009 amico

261 4066 413 4131 Adiactu
431 4065 582 4151 pulsent,
603 4071 746 4130 naturae
762 4072 797 4129 et
815 4082 898 4129 voce
916 4061 1123 4144 reclament,

262 4185 339 4251 Non
359 4185 450 4271 sarcit
469 4183 605 4266 iccircc;
626 4185 763 4268 quando
783 4180 987 4249 fundamina
1005 4180 1118 4267 prima

263 4302 458 4384 Obsistuni,
476 4302 612 4386 <licando
633 4301 778 4367 internis
797 4297 963 4366 radicitus
981 4295 1124 4363 haerent
1377 4326 1401 4363 ιιι

197 4420 240 4484 30
262 4417 469 4484 Visceribus.
489 4417 680 4505 Tamquam
695 4417 806 4506 magis
825 4414 895 4481 alto
913 4413 1044 4481 lumine
1064 4411 1187 4495 clarus,
