3428 5138
528 426 683 472 ARTIOVLI
704 425 877 471 ADVERSVS
897 426 1164 474 llA'l'llEllA'l'lOOS.
1382 415 1422 476 57

275 602 425 672 scribam
448 604 504 671 vel
528 603 809 670 circumscribam
832 603 888 669 vel
912 603 1118 691 simpliciter
1142 604 1321 672 formabo?
1341 606 1421 673 Non

271 728 340 795 nisi
359 728 487 796 circulo
506 729 563 796 vel
591 728 712 796 circuli
730 735 831 816 parte
850 727 993 794 definita
1017 728 1055 793 in
1074 728 1242 822 simillem
1265 731 1419 819 partium
1444 741 1537 803 65Ρ

270 877 452 922 numerum
471 855 526 922 vel
546 863 676 922 certam
695 856 832 923 numeri
850 862 985 944 partem
1004 854 1124 923 divisa.
1147 858 1221 923 116.
1241 859 1290 926 Ut
1310 859 1421 927 cuius·

271 1006 406 1071 cunque
420 984 619 1073 poligoniae
636 991 794 1051 centrum
810 984 1008 1051 inveniam?
1024 984 1062 1051 Si
1079 984 1257 1052 confluant
1271 986 1417 1055 bisecto-

225 1117 247 1182 5
269 1132 347 1176 rum
365 1112 514 1179 laterum
531 1119 677 1200 puncta,
697 1113 753 1178 vel
772 1112 811 1177 in
832 1112 979 1199 angulos
999 1111 1122 1198 fluant,
1147 1119 1182 1178 et
1205 1113 1348 1180 habebis
1367 1116 1419 1182 in-

269 1237 486 1303 tersectionis
501 1244 681 1325 punctum.
697 1237 833 1304 111111
850 1236 1084 1322 cuiuscunque
1102 1236 1204 1304 datae
1219 1239 1418 1327 poligoniae

269 1382 384 1427 aream
406 1361 604 1429 inveniam?
627 1362 713 1429 Eius
737 1361 949 1448 investigato
970 1361 1128 1449 proxime
1151 1362 1245 1430 dicta
1282 1365 1417 1432 ratione

269 1495 402 1573 centro,
415 1495 455 1555 ut
474 1489 513 1555 in
528 1490 566 1577 3)
581 1489 763 1575 hexagono
776 1488 963 1555 ABODEF
976 1488 1032 1554 cui
1043 1495 1200 1554 centrum
1214 1497 1265 1557 est
1278 1517 1307 1555 o.
1325 1491 1414 1558 Tum.

268 1635 376 1680 unum
396 1615 545 1681 laterum
568 1615 631 1680 Ar
656 1615 770 1682 biseco
801 1615 839 1679 in
857 1621 987 1703 puncto
1018 1640 1045 1699 c,
1067 1614 1159 1701 quod
1183 1641 1197 1681 e
1220 1615 1308 1682 fluet
1325 1617 1363 1681 in
1383 1645 1413 1684 c.

202 1744 246 1808 10
267 1739 349 1805 Mox
368 1761 536 1828 compono
556 1740 665 1807 latera
685 1740 722 1807 in
745 1763 851 1807 unam
875 1747 1018 1826 rectam,
1043 1763 1130 1826 cquae
1153 1740 1200 1806 sit
1223 1742 1302 1828 NQ,
1327 1766 1415 1828 quae

269 1875 368 1936 tanta
387 1877 439 1936 est
458 1876 609 1957 quantus
620 1877 672 1936 est
682 1877 776 1937 totus
796 1870 947 1937 ambitus
963 1870 1144 1957 hexagoni.
1157 1869 1253 1936 Duco
1265 1879 1412 1959 postmo-

268 1995 350 2064 dum
370 1997 422 2075 aa
440 2020 503 2085 per
520 1996 842 2084 perpendicularem
874 1997 939 2075 QH
961 2017 1064 2084 super
1093 1996 1186 2062 linea
1211 1996 1288 2081 QN,
1309 2020 1412 2083 quam

267 2123 356 2190 facio
372 2126 549 2212 aequalem
566 2126 677 2193 lineae
693 2126 756 2212 Ac,
774 2134 809 2192 et
825 2133 923 2212 tunc,
942 2126 1071 2192 fluente
1087 2127 1120 2192 N
1136 2128 1174 2193 in
1189 2129 1237 2211 H,
1257 2128 1414 2216 triangu-

266 2252 337 2318 lum
357 2251 601 2339 orthogonium
613 2253 723 2320 habeo
734 2253 815 2320 dato
825 2253 1005 2339 hexagono
1024 2252 1175 2339 aequale.
1192 2254 1311 2320 Potest
1328 2255 1412 2322 item

201 2386 242 2451 15
266 2377 429 2447 dimidius
448 2380 600 2447 ambitus
619 2381 657 2446 in
672 2381 801 2447 lineam
820 2380 993 2467 componi,
1014 2403 1101 2465 quae
1117 2379 1163 2445 sit
1179 2379 1257 2465 AQ,
1278 2381 1412 2448 ethaeo

266 2503 304 2569 in
331 2505 459 2571 lineam
491 2505 557 2584 QH
580 2505 684 2572 ducta
711 2505 901 2572 constituat
923 2505 1286 2593 parallelogrammum
1310 2506 1411 2572 hexa-

265 2653 357 2718 gono
376 2632 527 2719 aequale.
549 2634 622 2698 118.
644 2635 693 2701 111
712 2633 920 2719 quadratum
938 2639 973 2697 et
988 2631 1202 2719 poligoniarn
1219 2632 1411 2718 quamlibet

265 2780 343 2825 cum
363 2758 568 2825 Archimede
592 2759 720 2826 circulo
740 2759 916 2846 aequalem
935 2758 1148 2824 describam?
1173 2757 1352 2825 Diametro
1372 2759 1410 2826 in

264 2884 525 2971 quatuordecim
543 2893 660 2974 partes
684 2886 842 2973 aequales
861 2884 989 2970 divisa,
1006 2892 1148 2972 tumque
1166 2885 1209 2951 ab
1226 2885 1409 2951 undecima

195 3019 241 3083 20
263 3009 401 3076 illarum
430 3010 709 3099 perpendiculari
740 3011 784 3077 ad
815 3010 1030 3098 peripheriae
1064 3016 1262 3076 contactum
1289 3011 1407 3095 ducta,

263 3137 360 3204 cuius
379 3145 558 3204 contactus
577 3145 728 3227 punctus
752 3138 789 3203 in
813 3138 960 3205 alterum
983 3137 1124 3204 maioris
1146 3137 1258 3226 partis
1283 3138 1408 3205 diame-

262 3263 310 3329 tri
333 3271 526 3331 extremum
553 3264 663 3331 fluens
692 3266 753 3332 dat
780 3265 872 3331 latus
895 3265 1056 3352 quadrati
1085 3265 1213 3332 circulo
1243 3266 1407 3352 aequalis.

259 3389 422 3457 Eiusdem
441 3389 554 3457 fluxus
577 3391 771 3477 quantitas,
795 3390 825 3456 si
851 3390 961 3455 latera
991 3389 1175 3456 cuiuslibet
1207 3391 1407 3478 poligoniae

260 3515 428 3600 continet,
449 3522 532 3582 tunc
552 3538 630 3583 cum
649 3516 804 3602 adliecta
823 3515 867 3581 ad
897 3514 1063 3601 angulum
1091 3523 1224 3583 rectum
1247 3539 1287 3582 ea
1317 3539 1404 3603 quae
1428 3533 1453 3581 e
1471 3521 1525 3582 15ν

192 3650 279 3714 251
318 3648 436 3706 centro
473 3640 517 3707 ad
550 3640 747 3728 praedictae
783 3639 984 3707 biseotionis
1017 3646 1186 3726 punctum
1224 3649 1406 3729 componet

259 3765 517 3852 orthogonium,
537 3765 629 3852 quod
653 3772 704 3831 est
723 3765 780 3831 via
799 3765 844 3831 ad
866 3763 1091 3853 propositum.
1114 3766 1186 3831 120.
1206 3766 1256 3833 Ut
1275 3766 1405 3832 rectili-

259 3913 361 3955 neum
391 3891 472 3957 dato
502 3890 680 3958 rectilineo
712 3892 823 3958 simile
846 3891 1073 3978 similiterque
1103 3893 1255 3980 positum
1283 3893 1406 3960 descri-

259 4016 363 4082 bam?
389 4017 425 4082 Si
450 4019 651 4105 aequalibus
675 4025 834 4086 constent
857 4019 994 4105 angulis
1023 4027 1057 4085 et
1086 4021 1404 4108 proportionalibus

258 4142 434 4211 lateribus.
455 4145 528 4210 121.
548 4146 597 4212 111
620 4144 816 4231 poligouias
839 4144 1114 4232 proportionales
1143 4145 1269 4212 faciam
1300 4154 1404 4233 atque

268 4283 416 4291 -.-..,..-
425 4285 439 4289 -
450 4283 506 4291 -α
516 4284 679 4291 -..ο-η.-.
894 4284 972 4291 —-
1227 4288 1258 4293 -
1280 4288 1397 4296 ——n—

350 4340 442 4391 8e14
459 4355 604 4405 euagone,
628 4344 656 4391 11
680 4341 817 4403 exagoni,
838 4357 851 4390 e
871 4338 929 4391 sinc.
951 4342 1056 4392 ultrave
1127 4341 1165 4392 12.
1184 4344 1215 4393 18
1235 4361 1248 4393 e
1266 4345 1296 4394 16
1318 4343 1401 4412 Η]ῦ.

139 4471 142 4478 ,
266 4417 409 4484 Coclscrre
421 4418 507 4471 anche
518 4421 694 4487 uellafiyurc
707 4421 875 4487 Explicator
886 4421 1045 4472 formarum
1111 4423 1143 4473 20
1159 4423 1337 4489 pandiculari

393 4514 469 4556 Bauio
488 4515 543 4566 Opp.
555 4516 595 4556 brt.
608 4517 627 4566 1,
639 4516 659 4555 ³.
1227 4520 1240 4561 8
