3428 5138
534 426 689 471 Assrrcvnl
711 424 882 472 ADVERSVS
902 424 1167 471 Marlrunnrlcoa

441 806 865 911 GEOMETRIOA
901 806 1247 911 PRINCIPIA

643 1049 714 1124 111
742 1046 1046 1126 anennual

324 1280 426 1325 IVX'l'A
446 1272 629 1329 VERIOREM.
648 1278 875 1333 sumovrouuu
895 1279 1127 1325 muoparon
1145 1281 1362 1326 SENTENTIAM.

358 2074 555 2142 Novenerio
569 2076 723 2162 capitum
740 2077 932 2164 completur
955 2084 1073 2143 nostra
1093 2077 1297 2164 geometria,
1316 2100 1412 2142 nem-

223 2203 246 2267 5
267 2225 325 2291 pe:
347 2200 922 2271 111111161161162.1116616116.
943 2207 973 2270 3.
998 2203 1230 2270 Definitionis.
1249 2204 1281 2268 4.
1305 2203 1411 2270 Axio·

268 2336 410 2397 rnatum.
429 2331 459 2395 5.
480 2328 725 2398 Theorematis.
742 2332 772 2398 6.
788 2331 1011 2419 Hypothesis.
1032 2332 1061 2397 7.
1081 2328 1412 2396 Γ1“116116.8.Ρ1ο1116-

268 2454 380 2522 matis.
399 2456 429 2521 9.
450 2453 775 2522 Demonstrationis.
790 2455 954 2522 Refertur
970 2455 1122 2544 primum
1139 2455 1183 2521 ad
1204 2454 1411 2542 significata.

210 2611 217 2621 ·
267 2581 299 2646 2.
316 2578 373 2646 Ad
391 2578 521 2667 species
539 2586 574 2646 et
593 2580 721 2647 modos.
741 2583 772 2646 3.
791 2579 848 2646 Ad
873 2581 1058 2648 essentiam
1082 2587 1117 2646 et
1136 2579 1179 2646 ad
1198 2602 1238 2646 ea
1262 2602 1354 2666 quae
1369 2603 1412 2646 ex

267 2705 493 2772 terminorum
512 2704 766 2792 significatione
786 2711 866 2772 sunt
885 2704 1079 2771 manifesta.
1098 2705 1146 2770 Et
1169 2727 1212 2770 ex
1229 2704 1283 2770 his
1307 2705 1412 2792 primi

202 2838 246 2902 10
268 2829 398 2897 ordinis
418 2837 499 2896 sunt
518 2830 797 2897 communissima
820 2831 981 2898 omnibus
1005 2830 1169 2898 scientiis.
1190 2829 1339 2897 Secundi
1359 2854 1412 2896 or·

268 2958 360 3026 dinis
384 2958 579 3026 communia
599 2981 687 3044 quae
706 2958 750 3024 ad
769 2981 877 3024 unum
896 2958 1061 3026 scientiae
1076 2982 1186 3047 genus
1205 2958 1431 3044 referuntur·

268 3091 307 3149 ut
336 3083 620 3177 mathematicum
648 3083 686 3149 in
709 3081 872 3170 generali.
897 3082 1008 3150 Tertii
1042 3091 1124 3150 sunt
1154 3085 1295 3172 propria
1326 3107 1413 3170 quae

268 3207 488 3275 arithmetico
519 3207 715 3275 communia
745 3214 827 3276 sunt
864 3217 899 3275 et
928 3215 1131 3296 geometrae.
1168 3209 1292 3286 Quarti
1331 3215 1413 3276 sunt

269 3333 509 3422 propriissime
531 3355 618 3419 quae
640 3334 850 3422 geometrice
873 3340 1010 3400 tanturn
1030 3340 1120 3400 sunt.
1140 3335 1171 3399 5.
1190 3334 1247 3400 Ad
1266 3358 1305 3400 ea
1325 3357 1413 3420 quae

204 3458 246 3525 15
269 3460 346 3548 ipse
363 3458 565 3526 definitione
580 3459 636 3526 vel
653 3458 884 3526 delineatione
903 3458 1180 3526 manifestantur.
1201 3460 1231 3525 6.
1250 3458 1307 3526 Ad
1326 3481 1413 3544 quae

269 3587 345 3674 ipsa
360 3586 415 3652 vel
435 3590 474 3652 ut
493 3591 590 3669 nota,
611 3584 665 3652 vel
684 3592 725 3652 ut
743 3607 917 3671 concessa,
934 3585 989 3650 vel
1008 3590 1048 3651 ut
1066 3607 1147 3651 mox
1165 3589 1414 3671 consequenter

270 3709 517 3777 innotescenda
540 3710 736 3798 capiuntur.
761 3712 791 3777 7.
815 3709 871 3775 Ad
894 3734 935 3777 ea
965 3732 1053 3796 quae
1082 3709 1260 3797 probanda
1290 3731 1414 3797 propo·

271 3843 403 3905 nuntur
426 3837 612 3921 axiomate,
636 3837 691 3902 vel
715 3837 938 3920 theoremate,
962 3837 1018 3902 vel
1048 3842 1204 3922 utroque.
1233 3838 1264 3901 8.
1295 3834 1351 3901 Ad
1374 3858 1414 3902 ea

272 3987 360 4051 quae
389 3962 535 4051 duplici,
568 3962 700 4051 triplici
728 3962 784 4029 vel
813 3963 1000 4051 multiplici
1028 3962 1279 4051 principiorum
1311 3963 1415 4028 colla-

203 4092 366 4167 20116116
393 4088 725 4157 11161116616111111.9.
750 4088 806 4154 Ad
834 4087 919 4156 haec
950 4112 1037 4175 quae
1066 4089 1110 4155 ad
1140 4090 1414 4157 convincendum

271 4217 488 4308 propositum
522 4224 557 4284 et
593 4216 810 4305 probandum
845 4239 931 4305 opus
972 4217 1119 4303 faciunt,
1150 4241 1212 4306 per
1252 4241 1292 4284 ea
1327 4240 1414 4304 quae

271 4345 388 4436 priora
407 4350 488 4411 sunt
506 4342 562 4411 vel
580 4342 859 4434 concomitantia.

407 4462 482 4504 Beuru
497 4462 551 4512 opp.
565 4461 674 4511 1111.1,3.
1242 4464 1254 4501 2

1437 826 1535 889 1116ν
