3428 5138
673 440 719 483 Du
739 437 903 483 nunaunt.

667 856 820 922 oAPVr
851 854 915 919 ΙΙΙ.

708 1120 873 1164 LAE'PITIA.

303 1295 332 1334 Et
347 1295 486 1344 triangulum
500 1293 633 1344 simpliciter
647 1293 683 1332 rol
697 1303 766 1343 nuper
780 1292 833 1331 data
847 1292 910 1331 llnoa
923 1291 1088 1340 aequilaterum
1102 1289 1217 1328 conntltuo
1233 1290 1277 1327 etc.
1361 1280 1402 1341 D·
1418 1266 1518 1330 192

306 1509 405 1575 Circa
424 1532 532 1575 unum
551 1517 719 1596 punctum
738 1506 766 1573 si
786 1505 1056 1572 circumfinxerit
1078 1505 1178 1586 altor,

173 1630 194 1693 5
217 1624 343 1712 Cyclus
362 1626 443 1711 orit,
464 1626 562 1691 cuius
580 1625 676 1690 radio
696 1624 739 1689 de
758 1623 915 1709 margine
934 1622 1015 1708 gyri

217 1743 382 1829 Aequalis
401 1766 489 1829 gyro
509 1743 698 1809 adhaerens
718 1741 931 1807 contermina
950 1741 1025 1824 fiat,

216 1860 381 1925 Extremo
399 1859 530 1948 triplici
551 1860 697 1925 laterum
716 1881 779 1946 pro
798 1864 929 1946 puncta
948 1863 1112 1921 notentur
1132 1879 1138 1937 ;

217 1976 305 2041 Nam
324 1977 441 2042 radius
459 1977 596 2043 Baccho
615 1999 682 2063 quo
702 1975 860 2061 iungitur
879 1975 969 2040 alma
989 1973 1104 2038 Diana

218 2093 281 2159 Est
301 2093 352 2158 illi
372 2094 526 2179 aequalis
545 2116 613 2180 quo
633 2092 789 2159 Hermeti
809 2093 900 2158 Diva
918 2090 1142 2179 propinquat.

152 2205 194 2268 10
217 2209 326 2275 Linea
344 2210 442 2296 sique
461 2210 543 2277 data
561 2216 625 2294 est,
645 2210 753 2276 veluti
774 2231 877 2295 quam
896 2209 977 2274 hinc
996 2209 1076 2274 finit
1095 2207 1221 2294 Apollo

216 2324 475 2411 Aemoniusque
494 2326 591 2391 illinc
611 2326 780 2410 BacchuS‚
799 2332 884 2391 tunc
903 2331 1021 2389 centra
1040 2323 1194 2390 vicissim

219 2441 385 2528 Gyrando
405 2443 506 2528 fiant,
527 2442 677 2508 Charitis
697 2442 817 2507 domus
837 2440 1048 2523 invenietur,

217 2559 360 2624 Mutuus
379 2580 608 2646 occursusque
627 2559 699 2624 illic
719 2558 779 2643 qui
797 2557 962 2623 terminat
981 2556 1103 2622 ambas
1335 2586 1360 2623 ιο

218 2673 304 2739 Inde
322 2673 397 2739 vias
416 2680 527 2740 rectas
544 2674 683 2760 gemino
702 2675 743 2739 de
762 2674 905 2739 numine
921 2673 964 2739 ad
985 2672 1092 2738 illam.

153 2790 194 2853 15
217 2792 349 2878 Aequis
367 2792 409 2859 de
428 2792 534 2858 radiis
553 2792 714 2858 Chremes
732 2791 817 2857 facit
834 2791 949 2857 omnia
964 2790 1092 2879 palam.

297 3013 474 3092 Specierum
490 3015 637 3091 trianguli
657 3015 742 3075 solus
763 3014 970 3092 aequilaterus
993 3034 1059 3074 cum
1078 3015 1190 3076 circulo
1209 3036 1361 3076 commen·

217 3133 404 3193 curationem
420 3131 571 3209 quandam
590 3141 621 3193 et
634 3139 755 3192 mutuae
774 3133 959 3193 ostensionis
978 3133 1159 3211 principium
1177 3133 1291 3194 habere
1310 3154 1363 3211 ap·

217 3256 317 3329 paret;
340 3249 412 3326 quia
427 3249 532 3309 radius
553 3248 592 3310 ad
615 3249 819 3328 peripheriam
840 3269 933 3327 super
958 3249 1088 3310 termino
1117 3248 1196 3309 radii
1219 3255 1359 3310 acentro

218 3367 357 3427 exeuntis
373 3367 550 3427 incumbens
573 3367 665 3426 talem
686 3367 814 3427 sortitur
834 3367 1078 3444 inclinationem,
1103 3376 1137 3429 ut
1161 3388 1222 3427 non
1240 3367 1299 3427 nisi
1318 3366 1363 3426 al·

151 3489 196 3553 20
218 3492 284 3546 tero
314 3485 346 3544 in
376 3492 514 3545 centrum
546 3492 682 3545 extremo
714 3484 885 3546 confluente
921 3484 960 3545 ad
987 3485 1071 3546 illius
1103 3486 1359 3563 complementum

218 3623 295 3683 opus
313 3605 362 3665 sit.

296 3736 314 3784 u
335 3721 469 3783 Proinde
485 3723 516 3781 in
529 3723 569 3783 iis
585 3742 662 3800 quae
681 3723 762 3782 circa
778 3722 893 3783 minimi
912 3723 1120 3784 inventionem
1136 3722 1218 3784 dicta
1232 3731 1303 3784 sunt
1316 3723 1362 3784 in·

218 3840 401 3917 dicavimus,
419 3849 453 3901 ut
470 3841 568 3900 ordini
590 3842 723 3920 partium
740 3842 845 3902 circuli
869 3844 919 3919 qui
942 3844 973 3903 in
995 3843 1095 3903 solido
1117 3851 1271 3920 tamquam
1292 3863 1361 3920 pro-

218 3959 284 4037 prio
301 3959 439 4019 subiecto
457 3968 506 4018 est
522 3960 733 4037 inquirendus,
752 3961 782 4020 in
805 3962 896 4040 plano
914 3961 1103 4040 respondeat
1131 3961 1205 4021 ordo
1228 3961 1361 4039 partium

150 4068 194 4134 25
217 4075 368 4154 hexagoni
384 4095 438 4154 per
453 4075 589 4137 eiusdem
605 4077 788 4155 triangulos,
800 4079 880 4154 quia
895 4078 1047 4157 comparis
1063 4077 1168 4138 circuli
1183 4076 1271 4137 radio
1285 4076 1359 4137 defi·

216 4194 350 4255 niuntur.

222 4356 311 4365 15——
318 4357 399 4365 -----
405 4358 415 4364 ι.
420 4359 429 4364 -
445 4358 473 4365 ...-
480 4356 681 4366 ..ῳ--ᾰ-

312 4450 339 4497 11
351 4450 430 4511 sorae
443 4447 620 4499 Haemonius
683 4449 714 4497 ‘251
731 4450 854 4512 exagoni
