3428 5138
604 445 649 492 nn
670 444 873 492 ruvnumoua
894 444 1016 491 unum.
1318 426 1376 487 261

234 602 315 663 sicut
331 621 430 679 neque
459 602 633 682 duplicatus
660 586 748 663 arcus
775 602 819 662 ita
846 601 939 681 duplo
969 602 1114 661 maiorem
1145 599 1378 679 comprehendit

234 725 364 796 rectam,
385 718 466 779 sicut
485 718 579 797 duplo
599 719 745 780 maiorem
767 717 992 779 convexitatem
1015 726 1046 778 et
1067 716 1300 777 concavitatem.
1319 718 1377 777 Est

235 843 338 896 tamen
354 835 444 895 uobis
458 842 622 914 perspecta
639 834 729 908 ratio,
742 855 801 912 qua
814 834 960 894 circulum
974 833 1087 894 circulo
1104 833 1377 912 circumpcnomus,

235 960 269 1011 ut
286 971 322 1011 eo
339 971 464 1012 numero
482 960 514 1012 et
531 950 637 1011 ordine
656 951 787 1030 partium
805 957 939 1027 crescat,
960 958 996 1009 ut
1016 950 1047 1009 in
1068 950 1159 1029 plano
1177 947 1239 1008 alia
1256 946 1380 1025 quidem

191 1057 212 1119 5
235 1067 275 1126 ad
295 1086 418 1127 arcuum
440 1067 584 1144 aequales
604 1074 710 1146 partes
732 1065 938 1144 definiendas,
969 1065 1030 1125 alia
1049 1085 1124 1125 vero
1145 1064 1184 1124 ad
1202 1084 1305 1125 aream
1322 1064 1382 1123 De-

237 1182 357 1244 mocriti
375 1183 590 1262 circumposito
606 1202 757 1260 gnomone
775 1183 917 1242 continue
933 1181 1104 1260 augendam
1120 1181 1164 1242 ita
1178 1201 1216 1241 ne
1240 1180 1271 1239 in
1292 1180 1383 1240 hexa-

237 1317 349 1376 gonum
368 1298 498 1375 recidat,
517 1318 627 1378 nempe
645 1318 748 1358 arcum
768 1298 819 1375 qui
837 1298 935 1377 prima
952 1316 1024 1377 pars
1042 1306 1092 1359 est
1113 1297 1231 1358 duobus
1252 1297 1299 1357 sui
1321 1315 1381 1356 me-

238 1415 406 1476 dietatibus
422 1414 540 1475 radium
551 1415 637 1475 illum
649 1414 815 1476 definiente
827 1415 877 1491 qui
891 1435 1037 1494 gyrorum
1051 1413 1215 1474 distantias
1230 1412 1382 1491 designet.

239 1531 301 1592 Sed
314 1540 347 1592 et
360 1531 410 1591 hic
424 1530 596 1592 subtilitate
613 1531 717 1610 praxis
731 1552 808 1611 opus
824 1539 886 1608 est,
904 1550 982 1608 quae
998 1530 1110 1591 nnllam
1124 1531 1216 1590 etiam
1227 1529 1382 1609 propriam

172 1646 215 1709 10
236 1647 373 1708 admittit
389 1647 692 1709 demonstrationem.
718 1648 784 1709 Nos
802 1669 876 1709 vero
897 1646 1045 1727 quidquid
1073 1646 1204 1708 circulus
1233 1656 1265 1706 et
1293 1645 1384 1706 triau-

236 1764 328 1840 gulus
345 1764 524 1844 sphaericus
542 1764 573 1825 iu
589 1765 681 1844 plano
699 1772 804 1843 potest
821 1783 932 1844 capere
952 1765 984 1823 in
1000 1764 1110 1824 hastae
1127 1762 1252 1824 Arcturi
1271 1783 1386 1824 mucro-

237 1901 288 1961 ne,
307 1883 426 1944 Bressii
444 1882 567 1944 oraculo
585 1890 618 1943 et
631 1882 785 1944 Arachnis
802 1884 913 1962 angulo
931 1882 1116 1961 aperiemus.

696 2259 849 2327 GAPVT
884 2260 931 2325 X.

312 2475 460 2527 Polygonlam
475 2473 599 2523 quamlibet
612 2471 747 2521 dcllnctbo,
764 2481 841 2512 arcum
856 2470 890 2510 vul
904 2470 1013 2510 circulum
1028 2469 1082 2510 data
1096 2469 1187 2511 ratione
1201 2470 1314 2510 dividam.

177 2705 219 2768 15
331 2692 489 2758 Circulus
508 2699 612 2777 atque
631 2713 731 2756 arcus
750 2696 843 2756 certa
861 2689 997 2756 ratione
1013 2689 1159 2756 subinde

243 2808 435 2894 Scinditur,
454 2815 495 2874 ut
513 2807 609 2873 radio
628 2813 812 2895 postquam
832 2805 1031 2872 distinxeris
1050 2806 1168 2871 orbem

242 2925 285 2990 In
304 2932 420 3013 partes
439 2947 538 2991 senas
558 2923 742 3010 (siquidem
760 2923 844 2989 haec
862 2945 1021 2988 mensura
1039 2922 1203 3010 perennis

244 3038 429 3125 Firmaque
447 3039 649 3126 persistens,
670 3039 816 3105 internis
834 3037 1037 3126 perviaque,
1058 3060 1165 3104 unam
1183 3043 1236 3103 est

245 3152 441 3221 Observans
459 3160 629 3238 normam)
648 3155 811 3241 triquetri
829 3154 875 3221 sit
892 3153 1061 3220 terminus
1081 3176 1195 3237 arcus,

178 3274 223 3336 ‘20
244 3269 376 3357 Nempe
394 3270 487 3336 basis
505 3270 636 3357 gemini
655 3270 801 3358 simplex
819 3278 923 3357 atque
942 3293 1025 3352 una;
1045 3269 1104 3334 sed
1123 3268 1186 3334 uni

246 3385 369 3474 Cuspis
388 3386 454 3452 erit
473 3394 646 3471 centrum,
666 3387 759 3473 quod
778 3387 807 3452 si
826 3387 1009 3453 defluxerit
1027 3385 1108 3452 inde

248 3503 433 3589 Cuspidem
453 3503 489 3568 in
508 3503 667 3589 alteriue,
686 3503 855 3570 bisecasse
872 3503 1049 3570 videbitur
1068 3524 1195 3568 arcum.

248 3618 347 3684 Tunc
365 3619 511 3685 totidem
530 3620 567 3684 in
585 3626 701 3707 partes
720 3620 836 3686 radius
855 3618 1064 3686 discinditur
1081 3642 1186 3704 unus,

249 3736 291 3800 Iu
311 3743 395 3822 quot
413 3737 612 3824 propositus
631 3736 780 3802 discindi
799 3737 963 3824 concupit
982 3759 1092 3802 arcus.

181 3860 224 3924 ‘25
249 3853 339 3919 Dein
357 3855 466 3942 partis
485 3863 651 3942 quantoe
672 3863 789 3922 contro
806 3862 876 3922 stat
894 3856 1063 3921 terminus
1083 3855 1223 3920 obstans

248 3969 374 4054 Unius,
394 3978 429 4035 et
446 3971 527 4057 gyri
543 3972 660 4037 radius
679 3980 885 4058 sextarrsquo
904 3970 1048 4037 minoris

247 4086 358 4152 Arcus
377 4086 580 4174 prandetur,
601 4087 751 4153 medium
771 4088 827 4154 cui
845 4088 937 4154 linco
955 4094 1097 4153 nectens

248 4200 413 4268 Centrum
432 4204 536 4290 anglo
554 4203 697 4270 alterius
714 4204 878 4290 triquetri
896 4203 1032 4287 definit,
1051 4209 1091 4267 ut
1110 4222 1210 4267 arcus

251 4332 393 4341 ——.-.-
411 4336 503 4343 —--

333 4385 349 4434 u
365 4401 402 4448 sq.
413 4400 573 4449 exagonurn
637 4389 652 4436 7
663 4386 742 4449 seruc
752 4384 843 4436 arcu?
906 4388 945 4434 ll.
959 4384 987 4434 12
1002 4401 1066 4434 sono
1080 4383 1391 4448 itronti‹lellelrcfipurr

247 4462 293 4513 elie
305 4480 418 4531 aequoreo
430 4466 473 4515 nel
480 4465 614 4530 prosn’mo
630 4465 747 4531 capitolo
811 4467 841 4517 ll
858 4467 1000 4517 rationem
1062 4467 1093 4515 27
1110 4466 1286 4532 prucudntur
