3428 5138
527 427 682 474 Anrrcvm
702 426 873 474 unvamma
893 426 1159 472 Marurma'rloos.
1371 415 1411 472 25

269 605 437 673 farentiae
465 626 548 672 varo
578 604 616 670 in
646 609 805 670 centrum
835 602 1027 668 contractio
1062 624 1153 668 mors
1186 601 1330 689 physice
1362 602 1411 669 lo-

269 731 421 820 quenda,
440 729 683 798 mathematice
699 736 822 797 autem
845 727 1050 795 constitutio
1084 751 1145 795 seu
1176 727 1410 816 praesentatio

266 859 304 925 in
319 880 405 944 uno,
423 858 556 926 eversio
579 880 639 923 seu
663 856 848 924 occultatio
872 857 911 922 in
934 857 1052 923 altero.
1077 858 1130 921 29.
1166 855 1411 942 Distinguenti

265 989 450 1056 minimum
469 987 561 1074 quod
580 995 632 1054 est
651 987 821 1055 terminus
842 1012 862 1055 a
885 988 1030 1055 minimo
1054 987 1147 1076 quod
1170 994 1223 1054 est
1246 988 1411 1054 termina·

220 1117 242 1181 5
265 1120 340 1181 tum
359 1120 487 1181 temera
506 1114 817 1183 contradictionem
839 1114 1091 1203 improperabis
1114 1115 1213 1180 iuxta
1237 1113 1407 1200 significa-

169 1292 173 1297 .
264 1246 340 1306 tum
359 1239 496 1306 minimi
515 1240 614 1307 cuius
633 1239 730 1307 nulla
748 1247 800 1306 ast
818 1262 913 1327 pars,
932 1247 967 1306 et
986 1239 1145 1307 continui
1168 1240 1207 1305 in
1230 1239 1328 1305 cuius
1352 1262 1406 1305 ra-

265 1367 360 1435 tione
377 1374 431 1434 est
448 1366 575 1433 habere
593 1372 719 1456 partes.
744 1369 796 1434 30.
820 1367 1006 1434 Minimum
1030 1367 1124 1453 quod
1146 1373 1198 1434 est
1222 1366 1406 1450 terminus,

265 1493 426 1581 quodque
445 1501 480 1561 et
499 1494 598 1561 cuius
614 1494 711 1562 nulla
730 1501 782 1562 est
800 1517 895 1583 pars,
911 1495 1023 1582 magis
1050 1495 1212 1562 sensibile
1231 1501 1283 1562 est
1300 1518 1407 1581 quam

264 1619 448 1686 minimum
467 1620 561 1706 quod
579 1627 630 1687 est
649 1620 875 1687 terminatum
895 1620 1069 1704 sensibile;
1094 1620 1200 1687 immo
1224 1620 1407 1686 minimum

200 1745 243 1808 10
265 1744 428 1811 sensibile
451 1745 525 1812 sine
540 1749 544 1832 Ι
559 1746 705 1813 minimo
741 1746 833 1832 quod
865 1752 917 1813 est
947 1746 1116 1812 terminus
1146 1768 1218 1812 non
1245 1745 1404 1813 sentitur.
1430 1749 1529 1814 Ην

177 1962 183 1973 ο
264 1872 316 1936 31.
341 1872 421 1938 Non
439 1872 524 1940 adeo
540 1879 658 1940 exacte
676 1873 766 1941 ratio
782 1873 932 1962 percipit
950 1872 1134 1940 minimum
1154 1872 1246 1960 quod
1263 1879 1314 1939 est
1342 1882 1409 1940 ter-

264 1998 392 2084 minus,
414 2022 517 2086 quam
534 2007 653 2067 exacte
667 2001 861 2090 percipitur
878 2024 898 2068 a
915 2024 1026 2068 sensu.
1043 2001 1228 2067 Minimum
1245 2001 1407 2068 sensibile

264 2130 316 2191 est
335 2125 497 2211 circulus,
518 2132 554 2192 et
575 2125 641 2194 hoc
664 2132 823 2194 centrum
846 2127 980 2214 circuli,
1005 2127 1225 2215 quodetiam
1256 2128 1406 2194 circulus

264 2257 324 2317 est.
344 2253 397 2317 32.
418 2251 456 2317 Si
475 2251 665 2319 orthodoxe
680 2251 846 2340 loquaris,
862 2259 1007 2341 puncta,
1018 2253 1128 2331 lineas
1143 2260 1178 2319 et
1193 2251 1404 2340 superficies

199 2386 241 2450 15
266 2403 354 2467 quae
376 2388 459 2448 sunt
481 2381 639 2467 termini,
660 2382 804 2449 minima
827 2404 1008 2468 nunquam
1040 2381 1241 2470 appellabis.
1282 2381 1406 2448 Dicere

262 2509 356 2577 enim
385 2508 566 2576 minimam
595 2508 873 2596 magnitudinem
896 2510 933 2575 id
956 2509 1071 2597 ipsum
1101 2509 1194 2596 quod
1226 2509 1323 2575 nulla
1354 2515 1405 2574 est

261 2657 356 2723 pars,
380 2636 605 2722 quantumvis
628 2636 667 2702 in
689 2658 774 2703 voce
796 2658 868 2702 non
896 2642 1076 2724 appareat,
1100 2635 1138 2701 in
1161 2657 1264 2702 sensu
1287 2642 1405 2702 tamen

261 2768 314 2829 est
332 2763 603 2831 contradictoria
622 2763 744 2830 dicere.
761 2766 813 2830 33.
830 2764 874 2831 In
892 2763 1036 2830 minimo
1055 2763 1147 2849 quod
1163 2769 1214 2830 ast
1233 2762 1403 2829 terminus

261 2890 532 2959 contradictoria
552 2893 768 2979 coincidunt,
793 2899 829 2960 et
851 2899 934 2960 sunt
957 2892 1148 2960 subiective
1167 2914 1277 2959 unum
1296 2892 1403 2959 idem·

193 3018 239 3082 20
261 3040 340 3104 que;
361 3018 412 3085 ita
431 3025 471 3085 ut
490 3042 569 3086 nea
588 3019 723 3086 ratione
740 3019 879 3106 quidem
898 3020 1033 3087 absolvi
1050 3019 1198 3108 possint,
1219 3019 1301 3106 quia
1325 3041 1406 3086 con-

259 3165 385 3210 vexum
404 3144 443 3210 in
461 3145 658 3233 peripheria
682 3168 745 3213 nec
768 3152 821 3212 est
848 3168 962 3232 neque
985 3145 1190 3233 concipitur,
1215 3144 1283 3210 nisi
1307 3145 1346 3210 in
1369 3153 1404 3209 et

259 3292 338 3336 cnm
354 3271 579 3339 concavitate.
597 3272 677 3339 Non
693 3268 786 3339 enim
801 3280 900 3360 potas
917 3271 1169 3337 concavitatem
1188 3271 1284 3338 illam
1304 3279 1402 3337 extra

259 3398 560 3467 convexitudinem
579 3400 675 3466 illam
691 3399 857 3486 indicare,
878 3399 928 3465 ita
947 3404 1002 3482 ut,
1021 3399 1050 3465 si
1069 3397 1155 3465 velis
1173 3397 1251 3487 pari
1267 3398 1403 3465 ratione

258 3523 345 3589 eniti
360 3526 541 3592 nominare
560 3533 599 3593 ut
615 3525 736 3610 sentia,
752 3525 846 3592 dicas
865 3546 1210 3592 convexoconcavum
1238 3546 1404 3590 concavo-

192 3649 236 3713 25
254 3671 464 3738 convexum,
484 3653 575 3719 sicut
593 3652 678 3719 alias
702 3651 740 3718 in
756 3651 921 3737 maximo,
939 3650 1000 3717 ubi
1016 3649 1156 3717 infinita
1179 3657 1273 3717 recta
1289 3674 1404 3717 neces-

257 3776 348 3843 sario
368 3778 414 3844 sit
433 3779 583 3846 circulus
602 3785 637 3845 et
654 3778 814 3845 infinitus
834 3778 983 3845 circulus
1008 3777 1200 3844 necessario
1219 3784 1271 3844 est
1298 3784 1402 3863 recta,

257 3902 372 3970 dicam
386 3905 611 3974 circularecto
630 3907 904 3974 reotocirculare.
915 3907 968 3972 34.
984 3907 1035 3972 Ea
1054 3928 1136 3992 ergo
1154 3928 1241 3992 quae
1255 3906 1293 3972 in
1313 3929 1404 3972 com-

257 4031 386 4117 posito,
418 4032 587 4116 sensibili,
613 4033 775 4118 discreto,
800 4032 957 4115 thalcote,
983 4030 1251 4116 dimensionato,
1276 4033 1405 4116 mult0,

259 4156 466 4243 dissolubili,
492 4181 563 4225 non
586 4181 682 4243 vero,
708 4180 779 4224 non
804 4167 883 4224 ente
907 4156 1186 4245 distinguuntur,
1211 4157 1249 4223 in
1273 4157 1403 4246 simpli·

865 4336 880 4342 ..
892 4335 1106 4342 ——-—--
1125 4335 1265 4342 ——.
1280 4335 1303 4341 --.
1318 4336 1401 4342 .-.-....-

261 4429 390 4482 llreetio
454 4428 485 4479 18
497 4427 708 4479 conradictoria
770 4423 992 4477 muscassarioo
1054 4424 1404 4487 27ficirculerarectum?

395 4523 471 4564 linum
491 4524 546 4571 opp.
558 4523 598 4561 loc.
611 4522 630 4573 1,
642 4522 663 4561 3.
1230 4515 1242 4556 l
