3428 5138
468 453 624 499 sancum
645 451 818 499 snvnasvs
837 451 1107 498 narnensrrcos.
1323 434 1362 495 63

216 627 359 696 alterius
390 628 659 696 circumfluente.
684 628 758 695 145.
787 629 837 696 Ut
867 628 1012 695 circulos
1040 626 1127 694 facis
1157 624 1362 715 parallelos?

216 755 266 824 Ut
284 755 528 823 concentricos.
549 756 624 821 146.
648 756 698 825 Ut
721 753 807 822 duos
830 777 930 844 pares
954 761 1074 821 mutuo
1099 753 1362 841 contingentes?

217 880 256 946 Si
272 886 442 968 punctum
466 880 727 968 contingentiae
744 880 890 961 duomm
914 881 1248 948 semidiametrorum
1272 856 1362 945 eirea

217 1005 286 1072 duo
306 1008 311 1092 Ι
330 1006 464 1093 reliqua
483 1005 701 1073 circumfluat
720 1013 882 1076 extrema.
903 1008 977 1073 147.
997 1007 1048 1074 Ut
1066 1004 1189 1072 circuli
1204 1011 1363 1071 centrum
1386 1010 1463 1074 11²

173 1131 195 1198 5
218 1130 383 1197 amissum
399 1132 598 1199 inveniam?
615 1131 760 1200 Duabus
778 1133 881 1200 raetis
899 1133 1117 1221 peripheriae
1133 1130 1366 1199 accommoda-

220 1257 266 1324 tis
296 1265 331 1325 et
358 1259 513 1343 bisectis,
540 1266 575 1325 et
606 1259 836 1327 biseotiouum
862 1260 1001 1348 punctis
1031 1258 1365 1348 perpendiculariter

220 1383 466 1469 defluentibus;
491 1385 620 1451 centris
646 1385 730 1451 item
754 1384 899 1451 duorum
922 1385 1199 1472 contingentium
1224 1385 1367 1452 circulo-

220 1533 298 1577 rum
320 1510 557 1578 influentibus.
579 1511 652 1577 148.
677 1511 727 1578 Ut
757 1510 800 1576 ab
820 1509 1022 1596 aequalibus
1046 1510 1183 1576 circulis
1206 1511 1365 1597 aequales

220 1635 436 1724 peripherias
460 1635 613 1703 auferes?
637 1633 852 1722 Aequalibus
875 1635 978 1700 rectis
996 1635 1214 1723 peripheriae
1232 1636 1367 1703 adcom-

156 1759 199 1823 10
222 1759 379 1826 medatis.
399 1761 523 1828 Nonne
541 1762 591 1828 sic
607 1768 641 1827 et
658 1760 816 1849 aequales
832 1759 1048 1848 peripherias
1071 1761 1126 1828 vel
1150 1761 1366 1849 peripheriae

221 1883 374 1952 eiusdem
392 1892 508 1973 partes
532 1886 743 1952 subtendent
761 1891 876 1952 rectae
899 1884 1079 1972 aequales?
1101 1887 1174 1952 149.
1195 1887 1245 1954 Ut
1263 1908 1366 1974 super

221 2009 302 2076 data
320 2017 413 2077 recta
433 2010 646 2079 describetur
665 2017 881 2099 segmentum
900 2011 1021 2078 circuli
1041 2011 1180 2099 capiens
1198 2012 1366 2099 angulum

220 2136 398 2222 aequalem
414 2135 495 2203 dato
512 2136 713 2204 rectilineo?
730 2136 768 2202 si
784 2137 951 2204 circulum
967 2137 1124 2224 tetigerit
1140 2138 1257 2225 aliqua
1272 2144 1366 2205 recta

220 2261 321 2349 linea,
337 2269 372 2328 et
388 2285 408 2328 a
427 2269 589 2329 contactu
605 2261 816 2350 producatur
831 2269 925 2329 recta
942 2263 1035 2329 linea
1051 2263 1218 2330 circulum
1234 2287 1366 2350 secans;

156 2381 197 2446 15
221 2387 341 2476 anguli
370 2388 464 2455 enim
494 2387 538 2455 ad
562 2388 823 2476 contingentem
853 2396 936 2454 sunt
965 2389 1124 2476 aequales
1156 2390 1213 2474 iis,
1238 2390 1299 2476 qui
1329 2391 1367 2458 iu

221 2512 364 2580 alterius
392 2513 513 2581 circuli
544 2513 730 2601 segmentis
756 2512 958 2580 consistunt.
984 2515 1057 2580 150.
1083 2512 1132 2582 Ut
1161 2515 1366 2583 circulorum

223 2637 315 2704 inter
326 2660 361 2705 se
374 2639 545 2705 rationem
561 2637 745 2704 definiam?
757 2637 954 2705 Eorundem
971 2637 1219 2707 diametrorum
1232 2640 1368 2708 ratione

221 2760 372 2830 definita.
387 2765 460 2830 151.
475 2765 524 2832 Ut
540 2764 630 2830 datis
646 2763 780 2830 duobus
798 2764 1027 2830 concentriois
1044 2765 1181 2832 circadis
1193 2766 1230 2832 in
1243 2766 1367 2834 maiori

220 2888 437 2976 poligonium
455 2889 651 2975 aequalium
669 2888 875 2977 pariumque
893 2886 1042 2956 laterum
1058 2890 1260 2974 inscribam,
1276 2891 1367 2977 quod

154 3014 199 3078 20
221 3012 390 3081 minorem
417 3015 585 3081 circulum
617 3037 688 3081 non
718 3015 864 3100 tangat?
895 3014 933 3080 si
960 3015 1169 3081 mediantem
1201 3017 1367 3102 tetigerit.

223 3140 297 3206 152.
309 3138 360 3209 Ut
370 3139 460 3206 datis
472 3140 585 3206 tribus
596 3139 736 3227 punctis
748 3161 820 3206 non
833 3139 870 3207 in
884 3140 1052 3207 directum
1065 3141 1187 3227 positis
1200 3141 1367 3208 circulum

222 3287 284 3353 per
301 3288 341 3332 aa
360 3265 562 3333 conficiam?
580 3265 632 3332 Ea
651 3265 789 3352 quidem
808 3266 943 3333 ratione
962 3289 1030 3352 qua
1049 3266 1243 3352 cuicunque
1260 3268 1369 3333 trian-

222 3392 305 3479 gulo
333 3391 501 3458 circulum
528 3389 826 3474 circumscribam,
858 3390 1002 3458 invento
1032 3390 1164 3458 sedicet
1193 3399 1324 3479 puncto
1348 3415 1368 3458 a

222 3517 335 3584 tribus
363 3517 457 3584 hisce
486 3515 749 3603 aequidistante.
774 3517 838 3583 Vel
868 3516 908 3583 fit
932 3516 1054 3583 saltem
1083 3518 1121 3583 in
1151 3518 1368 3605 triangulum

156 3650 200 3714 25
223 3643 354 3710 iunctis
375 3650 411 3710 et
434 3663 602 3709 concursu
624 3641 964 3729 perpendicularium
987 3665 1008 3708 1
1031 3642 1171 3708 biseotis
1201 3643 1368 3710 lateribus

224 3767 411 3836 fluentibus
425 3767 574 3857 punctis.
592 3768 666 3833 153.
679 3767 728 3834 Ut
745 3767 782 3832 in
797 3766 945 3849 oirloulo
961 3768 1148 3855 parallelae
1160 3768 1368 3855 capiuntur?
1391 3772 1414 3836 f
1427 3774 1470 3836 1ν

225 3896 291 3962 Ρο1
307 3893 614 3982 aequidistantiam
629 3899 837 3980 punctorum
854 3893 1092 3980 oppositorum
1113 3893 1151 3958 in
1173 3892 1368 3981 peripheria

224 4042 245 4086 a
263 4019 441 4105 diametro.
459 4018 517 4084 Sic
540 4018 635 4105 1115)
656 4017 844 4105 parallelae
861 4017 909 4084 Bc
928 4017 987 4083 Er
1011 4016 1123 4083 01Εο
1143 4018 1213 4083 ΕΒ.
1234 4019 1369 4087 154111

225 4143 348 4211 circuli
381 4143 610 4231 quadrantem
643 4141 736 4209 ABG
772 4143 810 4208 in
838 4143 892 4231 gig
920 4142 1002 4209 data
1029 4143 1165 4210 ratione
1199 4143 1367 4231 dividam,

159 4272 204 4337 30
226 4277 262 4337 et
279 4276 529 4357 consequenter
547 4267 714 4357 angulum
737 4268 890 4334 rectum?
911 4266 949 4334 Si
971 4269 1084 4356 primo
1103 4268 1230 4356 petitas
1253 4276 1370 4357 partes

232 4382 489 4392 ----......-.-
502 4383 576 4389 --.

321 4423 352 4476 21
372 4421 546 4474 indirectum
582 4382 711 4493 29313
725 4382 775 4470 bil
787 4381 879 4487 aequo
878 4381 951 4471 11111
954 4381 1211 4488 1911110011101
