3428 5138
359 396 416 455 158
663 407 803 453 rounam
823 407 924 453 aavru
945 408 990 452 nn
1009 409 1143 470 aruino,
1167 407 1186 451 1.

355 564 546 647 innumeri,
563 564 757 648 innumere,
778 563 975 629 innumeros
993 564 1139 630 rationis
1155 564 1243 629 inire

356 683 561 768 Progressus
577 702 700 768 pergas
718 686 916 745 numerator
935 679 1169 765 ridiculusque

356 798 561 882 Mensorque
579 795 712 878 infelix,
733 795 807 861 sine
824 795 951 861 finibus
971 796 1229 881 ordinibusque,

357 915 403 980 Et
418 914 492 979 sine
507 912 679 1000 principio
699 911 976 999 infinitiplicator
995 919 1029 977 et
1045 935 1131 978 erro.

314 1029 335 1092 ἰ)
360 1028 541 1097 Consimili
559 1029 696 1114 speculo
715 1050 776 1093 cur
791 1050 861 1095 non
880 1051 941 1093 aua
960 1027 1122 1115 dogmata
1139 1029 1256 1115 lippus

357 1144 485 1211 Mentis
504 1143 548 1209 ad
567 1165 709 1209 examen
732 1143 841 1208 multo
857 1142 975 1231 peiora
994 1151 1107 1228 vocat,
1128 1165 1206 1208 cum

358 1263 470 1348 Urget
484 1259 729 1345 Anaxagoram
745 1258 940 1345 Stagirites3
960 1282 1042 1325 nam
1060 1259 1134 1325 sine
1153 1259 1221 1325 fine

359 1378 458 1444 Dixit
473 1377 727 1444 homoeomeras
746 1376 845 1442 educi
863 1399 883 1442 a
902 1398 1043 1464 corpore
1057 1375 1202 1463 parteis,

359 1496 474 1581 Atque
492 1494 529 1560 id
544 1500 722 1582 perpetuo,
743 1492 912 1577 siquidem
931 1492 1047 1559 omnia
1063 1493 1101 1558 in
1116 1492 1276 1559 omnibus
1295 1492 1435 1558 insunt?
1456 1519 1495 1559 na

296 1748 337 1811 10
441 1748 455 1804 1
474 1751 506 1803 et
523 1745 569 1803 19.
589 1741 628 1803 In
641 1750 706 1803 toto
724 1742 809 1802 finito
827 1763 923 1820 neque
941 1751 1012 1804 actu
1028 1764 1125 1821 neque
1139 1745 1277 1823 potentia
1295 1765 1363 1807 esse
1379 1744 1497 1807 infinita

360 1860 513 1920 constabit
527 1859 669 1938 amplius,
688 1858 808 1935 quando
820 1859 909 1936 ratio,
927 1879 987 1935 qna
1002 1859 1202 1938 Peripatetici
1219 1866 1251 1921 at
1266 1860 1356 1922 huius
1373 1861 1497 1939 generis

359 1973 534 2055 philosophi
545 1974 695 2035 infinitum
706 1968 845 2052 subeant,
857 1975 1032 2036 innotuerit.
1039 1975 1108 2036 Non
1120 1975 1201 2036 enim
1215 1975 1408 2053 distinguunt
1417 1978 1498 2038 inter

360 2091 520 2153 terminum
541 2090 592 2168 qui
612 2090 696 2150 nulla
712 2097 761 2150 est
777 2110 861 2169 pars,
881 2097 913 2151 et
938 2091 1095 2151 minimum
1120 2091 1201 2167 qnod
1218 2091 1316 2173 prima
1342 2100 1392 2153 est
1415 2113 1497 2174 pars.

362 2207 469 2280 Quoad
485 2206 640 2267 minimum
667 2206 789 2284 attinet,
805 2214 927 2284 oportet
943 2226 997 2267 eos
1014 2208 1211 2268 succumbere
1232 2207 1356 2269 tandem
1376 2210 1498 2270 rationi.

297 2322 338 2387 lb
362 2323 466 2383 Primo
488 2342 526 2383 ax
548 2330 636 2401 parte
652 2330 779 2382 naturae
795 2322 993 2401 resolveritis,
1013 2342 1090 2401 qnae
1106 2342 1204 2399 neque
1228 2333 1297 2384 actu
1328 2344 1427 2402 neque
1448 2346 1500 2405 po·

361 2438 458 2499 tentia
474 2437 591 2499 finitum
609 2438 783 2498 continuum
801 2437 966 2499 dividendo
985 2437 1078 2500 debet
1093 2438 1211 2500 infinite
1232 2441 1352 2518 vagari,
1379 2441 1435 2501 sed
1463 2461 1499 2502 ea

361 2562 426 2615 tum
447 2553 568 2613 demum
585 2559 667 2613 stare
683 2552 714 2612 in
738 2572 773 2614 eo
795 2554 877 2614 ultra
892 2553 975 2631 quod
990 2572 1145 2630 nunquam
1161 2553 1269 2616 divisit
1285 2555 1403 2632 exiguo,
1419 2565 1451 2615 et
1467 2556 1499 2616 in

362 2669 448 2731 cuius
462 2668 600 2748 potentia
616 2688 677 2729 non
697 2676 747 2729 est
770 2687 852 2747 pars.
879 2669 986 2747 Neque
1011 2677 1060 2729 est
1085 2669 1224 2749 potentia
1246 2669 1347 2729 activa
1373 2679 1500 2732 naturae

363 2786 529 2846 dividentis
547 2783 711 2861 credenda,
733 2785 908 2862 plusquam
928 2785 1066 2863 potentia
1083 2785 1207 2864 passiva
1227 2792 1354 2845 naturae
1372 2806 1426 2847 sen
1442 2807 1501 2847 ma-

296 2900 341 2964 20
362 2902 459 2962 teriae
476 2900 654 2978 divisibilis,
671 2909 702 2961 et
718 2921 735 2961 e
753 2921 910 2963 converso.
929 2899 1131 2962 Succumbere
1148 2901 1223 2961 item
1241 2920 1278 2961 ex
1295 2910 1383 2980 parte
1397 2902 1502 2980 imagi·

362 3017 494 3077 nationis
519 3035 574 3076 seu
600 3016 748 3077 mathesis
777 3016 979 3095 resolventis,
1006 3015 1278 3077 animadvertendo
1305 3026 1340 3077 nt
1364 3018 1501 3079 eiusdem

362 3132 498 3193 infinitae
515 3132 725 3212 progressioni
739 3138 848 3192 natura
861 3151 922 3193 non
935 3131 1115 3213 respondet,
1130 3151 1228 3209 neque
1245 3152 1319 3194 usus
1333 3134 1414 3194 ullus
1431 3134 1503 3195 arti·

361 3248 470 3310 finialis
495 3247 693 3309 obsecundat.
718 3247 807 3309 Unde
835 3253 868 3309 et
893 3248 1100 3309 mathematici
1130 3248 1383 3327 circumspectius
1414 3250 1504 3310 intel·

363 3365 486 3443 ligendo
504 3372 713 3445 supponentes
726 3364 888 3442 infinitum,
905 3384 1027 3446 semper
1039 3385 1094 3444 pro
1106 3366 1235 3443 eoquod
1249 3374 1298 3426 est
1310 3366 1501 3427 indefinitum

297 3482 341 3545 25
363 3501 419 3542 seu
445 3491 720 3560 quantumcunque,
744 3500 897 3558 nunqnam
913 3501 986 3541 vero
1003 3500 1059 3561 pro
1081 3501 1118 3542 eo
1143 3481 1224 3541 circa
1241 3480 1321 3557 quod
1343 3482 1427 3542 nulla
1455 3493 1504 3544 est

365 3597 469 3677 praxis
483 3607 514 3659 et
530 3616 691 3677 perperam
705 3596 924 3674 conciperetur,
935 3598 1134 3677 usrnpabunt.
1145 3597 1175 3658 N
1176 3617 1233 3659 unc
1247 3617 1321 3675 ergo
1337 3597 1503 3661 indiscrete

366 3714 470 3775 dicunt
484 3713 722 3792 magnitudinem
739 3733 800 3773 non
817 3713 956 3792 componi
973 3733 1011 3773 ex
1026 3712 1166 3775 minimis.
1181 3713 1229 3773 Ex
1245 3714 1303 3774 hoc
1317 3715 1396 3775 enim
1409 3735 1502 3776 sensu

366 3829 503 3906 seqnitur
524 3850 590 3890 eam
612 3850 670 3889 non
689 3850 727 3890 ex
743 3828 895 3908 partibus,
912 3829 963 3890 vel
979 3830 1024 3890 ita
1040 3849 1079 3890 ex
1095 3830 1246 3909 partibus,
1268 3839 1301 3889 ut
1316 3851 1375 3890 non
1390 3852 1427 3892 cx
1441 3833 1502 3910 pri-

366 3945 434 4020 mis;
455 3945 536 4022 quod
552 3954 617 4006 tum
633 3953 760 4005 naturae
777 3945 970 4024 componenti
987 3945 1188 4024 praeiudicat,
1207 3955 1362 4023 tamquam
1378 3968 1438 4008 non
1459 3949 1504 4009 illi

301 4066 345 4129 30
368 4062 409 4122 sit
435 4061 558 4138 aliquod
582 4061 726 4140 primum,
744 4082 782 4121 ex
798 4082 857 4138 quo
881 4061 1108 4139 magnitudines
1130 4062 1319 4142 coalescant,
1343 4073 1406 4123 tum
1431 4065 1502 4144 arti,

368 4197 457 4254 quam
473 4175 550 4236 nihil
564 4196 725 4256 possumus
742 4176 793 4237 vel
808 4177 981 4256 imaginari,
999 4177 1058 4239 nisi
1076 4178 1205 4254 quadam
1222 4180 1320 4260 prima
1334 4188 1422 4260 parte
1436 4201 1506 4260 snp-

375 4327 478 4334 -..ψ-η
510 4328 541 4333 .--
631 4328 648 4333 -
748 4329 779 4333 ---
803 4328 980 4334 .-.-—--—
1314 4328 1494 4335 .-—-—..—.

462 4413 610 4463 3i11soelix
674 4413 866 4478 lstagyrites
927 4414 1153 4465 8omaeomaras
1215 4416 1247 4465 ‘26
1264 4414 1293 4466 in
1310 4416 1433 4468 discreto

1514 581 1557 642 p.
1570 564 1645 629 28
