3428 5138
544 427 860 474 cou'ruurnn'rlouus
881 427 922 470 El(
946 426 1077 471 nummu.

238 585 372 649 Didicit
391 585 513 649 infelix
532 585 711 670 lucemque
730 585 913 669 oculosque
929 607 1075 669 negare,

237 701 381 766 Credere
401 710 561 766 naturam
580 702 725 789 pedibus
744 700 969 788 sophiamque
988 700 1140 781 subesse3

237 818 288 881 De
307 840 432 902 genere
450 816 515 883 hoc
533 818 712 883 hominum
731 817 832 882 facile
852 818 1034 902 quisquam
1054 816 1151 881 venit
1171 816 1262 881 ultro

238 933 404 998 Doctrina
424 933 582 999 indoctae
601 933 831 1020 adstipulator
850 933 1029 1015 credulus,
1051 939 1089 996 ut
1108 930 1164 996 cui
1353 956 1378 994 n

193 1048 214 1110 5
238 1050 392 1115 Naturae
412 1073 512 1116 voces
532 1050 925 1135 faciantmiracla,.11ec
944 1049 1051 1136 ampli

237 1165 335 1252 Cycli
354 1188 453 1230 arcus
472 1187 636 1249 umquam
653 1165 697 1229 acl
715 1165 820 1251 plana
839 1163 1061 1248 exaequanda
1076 1163 1298 1250 propinquet.
1404 1177 1444 1238 p.
1467 1161 1538 1224 95

237 1284 355 1368 Usque
375 1282 459 1348 adeo
476 1281 663 1347 absurdum
684 1281 775 1367 quod
794 1305 890 1346 mene
909 1288 1114 1367 conceperat
1133 1288 1214 1346 ante

238 1398 388 1479 Inralot,
405 1405 439 1462 et
458 1420 577 1462 sensus
596 1397 657 1481 qui
676 1419 717 1462 ex
737 1405 810 1462 toto
830 1398 933 1463 cessit
952 1399 989 1462 in
1008 1419 1125 1478 auree,

239 1514 287 1579 Ut
307 1512 491 1578 manifesta
510 1521 614 1598 neget
633 1513 729 1598 queis
748 1513 987 1596 convincatur,
1007 1520 1042 1577 et
1060 1512 1154 1577 hisce
1354 1536 1382 1576 ao

175 1623 216 1685 10
244 1630 368 1695 Utatur
384 1628 520 1713 mediis,
543 1629 667 1713 quibus
686 1628 885 1715 ignorantia
905 1636 1014 1694 totam
1107 1661 1111 1669 ·

239 1747 392 1812 Naturae
408 1747 519 1811 lucem
538 1746 734 1833 extinguat,
757 1747 899 1811 suffocet
918 1753 953 1810 et
971 1769 1109 1811 omnem

239 1867 361 1950 Ignem
381 1865 555 1931 constanti
575 1865 691 1931 radius
712 1889 812 1951 quem
828 1865 958 1931 lumine
979 1866 1059 1932 solis

240 1982 398 2048 Immisit.
419 1983 568 2048 Centum
587 1981 681 2046 mille
699 1981 781 2046 hino
800 1988 960 2069 portenta
980 1982 1151 2066 suborta„

240 2099 333 2164 Hinc
349 2100 579 2183 admirantur,
599 2099 770 2186 pecudina
788 2122 939 2184 voceque
956 2121 1070 2165 rerum

177 2215 217 2278 Ιῦ
242 2217 411 2282 Naturam
431 2217 600 2282 occultam
622 2216 748 2282 tollunt
765 2215 975 2302 culpantque
994 2223 1181 2304 patentem.

626 2473 743 2519 rumve
771 2472 1000 2518 r‘rzarluncmu.

247 3841 407 3927 cingulus¹
426 3840 494 3924 liic,
513 3841 548 3905 in
566 3864 633 3926 quo
651 3846 743 3905 aecta
762 3846 796 3903 et
817 3860 905 3923 quae
924 3835 1082 3921 tangitur
1102 3855 1170 3899 uno

247 3964 466 4025 Concurrunt
484 3966 627 4046 puncto,
648 3980 824 4042 mmquam
846 3964 1009 4041 tangetur
1025 3953 1069 4018 ab
1087 3950 1156 4017 ullo

248 4078 459 4155 ttpuunl'ilrot
478 4078 644 4142 immensa
663 4074 831 4141 fundatur
849 4071 1019 4157 margine)
1040 4070 1150 4156 cyclo,
1412 4096 1452 4157 p,
1470 4079 1542 4143 96

182 4216 226 4277 20
249 4195 414 4273 Qnarnvis
434 4195 479 4259 sit
495 4201 624 4280 puncto
641 4215 774 4279 sempor
793 4193 870 4279 plus
890 4190 1036 4277 plusque
1055 4186 1289 4274 propinquum
1366 4209 1392 4246 :ro

259 4352 313 4360 ·-—·
487 4355 529 4360 .-
547 4350 709 4360 -.-..--.--··
736 4352 811 4357 —
836 4350 858 4357 ..

343 4441 355 4489 1
375 4439 494 4488 infoelix
558 4441 574 4487 li
592 4437 761 4504 exequenda
824 4436 855 4485 lo
864 4435 945 4499 som
957 4431 1083 4484 caurus?

385 4552 460 4591 lluoxr
475 4552 529 4600 Opp.
543 4551 583 4589 uu.
597 4549 619 4599 1,
630 4550 651 4589 3.
