3428 5138
373 371 413 432 24
812 382 951 430 rosnaru
972 382 1074 429 savar

371 559 490 648 geneis
520 559 708 626 discretum
730 559 890 647 partibus
922 559 1089 627 invenies.
1113 559 1170 625 Ad
1192 558 1278 626 talia
1301 558 1431 625 etenim
1453 559 1517 624 rni-

372 685 468 752 nima
489 692 615 753 natura
639 686 751 754 omnis
776 691 877 772 (quae
901 685 1048 752 rationis
1071 692 1106 752 et
1129 685 1338 752 intentionis
1361 692 1414 752 θεῖ
1435 685 1516 752 fun·

371 810 584 893 dementum)
602 811 804 879 resolvendo
823 811 1053 900 progreditur.
1073 813 1126 877 22.
1142 811 1261 878 Minus
1276 811 1421 878 minimo
1437 810 1515 878 dari

370 945 410 1010 in
426 952 553 1011 natura
571 945 747 1031 intelliges
765 951 870 1032 atque
887 944 1032 1031 senties,
1052 945 1097 1011 ad
1115 944 1269 1012 diversas
1288 944 1425 1011 minimi
1441 967 1515 1033 spe-

327 1070 348 1134 5
371 1069 441 1137 cies
463 1069 662 1158 inspiciens.
684 1071 795 1136 Plano
818 1070 912 1136 enim
939 1069 1083 1135 minimo
1107 1069 1201 1155 quod
1223 1076 1276 1136 est
1302 1075 1344 1136 ut
1370 1070 1514 1157 plenum

372 1194 488 1260 minus
503 1202 555 1261 θεῖ
574 1193 759 1261 minimum
775 1193 868 1280 quod
884 1199 936 1259 θεῖ
951 1199 991 1260 nt
1009 1214 1172 1276 vacunm;
1189 1193 1231 1259 de
1246 1193 1356 1260 solido
1376 1214 1515 1280 qnoque

371 1319 516 1386 minimo
532 1324 667 1407 (utpote
684 1318 987 1385 tridimensionato
1005 1321 1128 1402 vacuo)
1148 1316 1240 1383 idem
1258 1325 1311 1385 θεῖ
1334 1317 1513 1386 iudicium.

371 1445 425 1509 23.
448 1443 635 1509 Minimum
654 1464 737 1530 ergo
755 1449 808 1510 est
826 1443 940 1531 prima
955 1465 1073 1508 rerum
1091 1443 1236 1508 materia
1252 1449 1288 1509 θῖ
1305 1443 1514 1529 substantia,

372 1568 465 1654 quod
484 1591 565 1635 sane
583 1569 634 1636 ita
652 1569 810 1657 implicat
828 1569 1032 1653 maximum,
1050 1575 1091 1635 ut
1108 1568 1169 1653 ab,
1187 1568 1238 1654 in,
1256 1591 1348 1654 cum,
1364 1592 1408 1637 ex
1422 1571 1513 1658 ipso,

305 1691 348 1755 10
370 1694 454 1761 item
476 1719 551 1784 per,
575 1696 626 1781 in,
650 1696 695 1762 ad
717 1696 833 1784 ipsum
856 1694 903 1761 sit
926 1694 1039 1762 omnis
1062 1699 1137 1760 tum
1167 1693 1311 1782 physica
1337 1702 1415 1762 tum
1433 1717 1513 1785 geo·

369 1821 514 1888 metrica
531 1821 745 1908 magnitudo.
764 1822 817 1887 24.
838 1821 933 1886 Bene
951 1821 1061 1907 igitur
1080 1827 1185 1906 atque
1203 1827 1281 1888 tuto
1304 1821 1343 1887 in
1366 1824 1514 1912 materia

369 1948 583 2034 quantitates
614 1970 731 2014 omnes
761 1954 866 2034 atque
896 1946 1126 2013 dimensiones
1155 1946 1354 2035 implicatae
1383 1947 1513 2014 intelli·

368 2079 502 2158 grmtur
524 2072 723 2139 virtualiter
745 2078 807 2138 aut
829 2071 1027 2154 actualiter,
1050 2077 1090 2137 ut
1113 2077 1166 2137 est
1190 2071 1389 2159 parturiens
1412 2080 1448 2139 et
1471 2080 1513 2140 nt

369 2203 423 2264 est
440 2198 592 2286 pariens,
614 2198 904 2285 quemadmodum
927 2204 1025 2263 extra
1047 2197 1216 2265 virtutem
1239 2204 1275 2264 et
1297 2204 1415 2266 actum
1433 2200 1513 2266 uni·

304 2320 345 2385 15
369 2322 453 2390 tatis
475 2323 593 2390 nullus
614 2329 667 2390 θεῖ
693 2345 867 2390 numerus.
893 2322 975 2390 Ideo
999 2344 1070 2389 non
1093 2330 1222 2389 temere
1236 2322 1410 2410 theologi,
1426 2323 1511 2390 dum

369 2449 672 2537 contemplationis
690 2448 807 2515 oculos
830 2448 869 2514 in
892 2448 1007 2536 ipsum
1030 2447 1123 2534 quod
1146 2454 1199 2514 est
1221 2448 1339 2515 omnia
1362 2449 1511 2538 cupiunt

368 2576 538 2660 attollere,
556 2598 618 2663 por
634 2574 908 2663 simplicissimae
917 2574 1187 2661 individuaeque
1202 2574 1360 2642 monadis
1376 2576 1510 2645 coniac-

368 2707 466 2768 turas
502 2701 717 2785 excitantur,
746 2700 946 2787 eriguntur,
979 2699 1201 2786 diriguntur,
1232 2700 1508 2791 perducunltur,
1532 2714 1563 2777 b
1580 2713 1632 2779 ’ἲν

368 2825 624 2909 confortantur,
650 2825 842 2911 attingrmt.
866 2827 919 2890 25.
943 2825 1129 2891 Minimum
1152 2825 1314 2892 sensibile
1336 2849 1380 2894 ex
1401 2829 1511 2917 pluri-

302 2951 346 3013 20
368 2952 433 3017 bus
451 2950 635 3016 admodum
653 2949 808 3037 physicis
827 2949 980 3016 minimis
1000 2972 1072 3015 esse
1094 2950 1325 3038 compositum
1348 2952 1437 3019 bene
1460 2954 1511 3021 di·

369 3077 418 3143 cit
435 3076 655 3142 Democritus
678 3083 713 3141 et
730 3075 902 3163 Epicurei.
919 3076 972 3140 26.
994 3074 1159 3140 Omnium
1177 3097 1361 3164 corporum
1379 3079 1434 3146 vis
1457 3087 1511 3146 est

369 3200 407 3267 in
425 3200 583 3289 sphaera,
604 3200 716 3266 omnis
739 3199 905 3287 sphaerae
926 3199 981 3266 vis
1003 3206 1055 3265 θεῖ
1077 3199 1116 3265 in
1141 3199 1286 3285 circulo,
1310 3202 1424 3269 omnis
1446 3204 1512 3270 cir-

369 3325 439 3392 culi
467 3326 521 3392 vis
544 3325 582 3390 in
606 3332 738 3407 centr0,
761 3324 816 3391 vis
839 3323 951 3389 omnis
974 3323 1167 3391 visibilium
1191 3332 1243 3390 θεῖ
1265 3325 1304 3391 in
1327 3325 1510 3395 invisibili.

366 3451 552 3516 Minimum
572 3449 770 3535 quantitate
784 3457 837 3515 θεῖ
854 3448 987 3515 virtute
1005 3448 1195 3514 maximum
1205 3501 1213 3534 ,
1237 3449 1329 3516 sicut
1350 3453 1510 3540 potentia

300 3583 344 3647 25
366 3579 475 3646 totius
493 3577 586 3664 ignis
605 3576 643 3641 in
661 3577 794 3667 virtute
810 3575 981 3643 scintillae
1004 3575 1097 3662 ignis
1120 3575 1188 3641 sita
1211 3582 1272 3642 θεῖ.
1297 3577 1340 3642 In
1364 3577 1510 3646 minimo

366 3727 463 3791 ergo,
483 3703 576 3789 quod
599 3708 650 3769 est
673 3701 916 3768 absconditum
939 3701 983 3768 ab
1007 3700 1115 3768 oculis
1139 3700 1311 3786 omnium,
1331 3702 1438 3770 etiam
1456 3727 1509 3771 sa-

366 3831 526 3920 pientum
550 3835 584 3895 et
607 3828 753 3895 sortasse
775 3828 942 3913 Deorum,
966 3827 1020 3894 vis
1044 3826 1156 3892 omnis
1186 3834 1252 3910 est;
1287 3827 1365 3895 ideo
1393 3829 1510 3918 ipsum

367 3966 419 4027 est
442 3959 633 4025 maximum
661 3957 825 4023 omnium.
857 3957 909 4021 27.
936 3957 1084 4042 Propter
1110 3954 1295 4022 minimum
1324 3962 1378 4023 est
1402 3956 1509 4025 maxi·

367 4106 477 4168 mum,
497 4089 532 4149 et
549 4089 691 4170 propter
711 4089 868 4147 centrum
887 4088 939 4146 est
955 4080 1249 4164 circumferentia,
1266 4081 1297 4147 si
1311 4087 1455 4169 propter
1473 4082 1510 4150 id

301 4225 345 4288 30
367 4238 387 4281 a
407 4235 475 4300 quo
499 4218 581 4280 sunt
604 4233 676 4277 esse
699 4209 825 4275 debent
849 4208 975 4274 omnia.
999 4209 1051 4274 28.
1072 4208 1210 4275 Minimi
1230 4210 1430 4298 explicatiO,
1451 4233 1511 4280 seu

367 4343 478 4410 centri
496 4342 534 4408 in
553 4336 868 4406 circumferentiam
887 4337 1066 4426 expansio,
1089 4337 1269 4423 generatio
1285 4345 1350 4424 est,
1367 4337 1513 4406 circnm-
