3428 5138
565 410 703 456 ronoiui
724 406 826 455 nuum
846 406 892 453 nn
911 407 1049 470 mnino,
1072 406 1103 452 v.

715 801 866 866 CAPV'P
900 800 946 864 X.

774 1061 884 1105 Fixon.

598 1231 712 1281 Angulum
728 1242 774 1271 non
787 1231 971 1282 plurlseeubllem
985 1231 1060 1272 video.

344 1487 460 1572 Atque
476 1493 515 1551 ut
535 1485 677 1550 dividua
696 1493 747 1551 est
766 1485 804 1549 in
823 1485 949 1550 multas
965 1485 1057 1551 lineo
1074 1486 1217 1574 parteis,

212 1595 232 1656 ὃ
257 1603 346 1667 Dein
365 1603 432 1668 tibi
451 1602 611 1667 dividuus
631 1601 805 1666 subiectus
825 1607 859 1666 et
878 1602 1027 1687 angulus
1046 1610 1139 1687 e-st0,

256 1718 343 1783 Cum
361 1724 531 1805 punctum
547 1718 590 1783 ad
608 1740 714 1783 unum
735 1718 847 1783 fluxus
867 1718 1054 1805 spectando
1073 1718 1254 1784 reclinant.

256 1834 417 1920 Angulus
436 1840 471 1898 at
491 1839 589 1899 terno
609 1840 766 1899 occurrat
785 1856 879 1899 nuno
898 1833 1107 1919 significem,

256 1950 389 2037 Nempe
407 1957 447 2015 ut
465 1950 521 2015 vel
539 1950 671 2035 gemini
690 1949 870 2015 confluxus
890 1950 1058 2014 terminus
1077 1949 1164 2033 exit,

256 2064 321 2129 Vel
340 2065 523 2131 minimum
543 2066 708 2151 quiddam
727 2066 818 2150 quod
838 2066 950 2130 fluxus
969 2064 1135 2130 terminat
1154 2064 1288 2147 umbos,

192 2183 233 2245 10
255 2181 319 2246 Vel
337 2182 479 2247 tandem
498 2183 683 2270 assumptis
701 2182 824 2269 primis
843 2182 885 2247 de
900 2181 1059 2268 partibus
1079 2203 1158 2246 una..

258 2298 412 2374 Quorum
430 2300 595 2365 nimirum
615 2299 706 2385 quod
726 2298 864 2384 signum
884 2306 950 2381 est,
971 2321 1034 2364 neo
1054 2298 1119 2363 tibi
1139 2304 1273 2364 tactum

257 2414 340 2479 Esse
359 2421 473 2501 potest
492 2438 556 2480 neo
571 2415 732 2480 divisum.
752 2415 1005 2499 Minimmnque
1024 2413 1170 2478 subinde

256 2530 455 2616 Aequorum
473 2538 565 2596 certo
585 2553 728 2597 numero
748 2531 918 2596 duntaxat
937 2530 1055 2596 adesse

258 2645 464 2710 Contentum
483 2646 612 2732 poterit
631 2647 745 2734 posita
763 2669 834 2712 non
853 2646 970 2712 sect-ile
989 2652 1089 2711 sorte.

193 2762 234 2823 li)
257 2763 306 2829 At
325 2786 405 2829 vero
426 2771 578 2829 extremo
598 2765 745 2831 donatus
765 2765 975 2851 significum,

260 2880 401 2958 Qualem
422 2880 464 2945 ad
482 2880 710 2967 multiplicem
727 2905 766 2947 ao
782 2905 947 2968 magnum
967 2879 1179 2946 sustollimus
1195 2901 1308 2963 usum,

258 2997 399 3063 Divisus
418 2998 521 3085 plano
541 2998 656 3063 reniet
677 3021 738 3064 eeu
757 2999 848 3064 lineo¹
867 2997 990 3085 prima..

261 3114 371 3191 Quam
390 3119 517 3179 temere
537 3114 675 3179 Euclidi
694 3115 759 3180 siet
779 3137 833 3180 ars
853 3114 987 3179 adiecto
1006 3112 1145 3178 secandi
1375 3138 1400 3177 1⁵

259 3230 366 3316 Angli
386 3231 565 3318 supposito
586 3230 721 3317 vulgari
740 3231 952 3317 significate,

193 3355 236 3416 20
260 3348 301 3411 ln
320 3354 420 3434 purte
438 3370 480 3412 ex
500 3347 583 3412 alibi
603 3346 706 3412 dictis
725 3346 856 3412 foetum
876 3354 928 3412 est
947 3344 1183 3429 manifestum,

258 3464 418 3549 Angulus
437 3469 477 3529 ut
495 3471 608 3528 rectus
627 3486 689 3549 per
707 3463 820 3528 nullus
840 3463 958 3527 sectile-
977 3461 1106 3548 purteis

260 3579 453 3667 Accipitur‚
474 3580 586 3645 modio
606 3586 791 3666 postquam
809 3580 971 3645 veniente
990 3579 1124 3645 refluxu

260 3696 301 3761 ln
320 3697 476 3782 geminas
496 3696 661 3783 migravit
682 3718 747 3761 eus
768 3695 947 3761 Subsectio
967 3718 1116 3781 namque

259 3811 315 3876 Ad
332 3812 475 3878 minimo
495 3812 608 3877 minus
627 3820 679 3877 est
697 3812 891 3898 progressio
911 3810 1031 3876 adorto
1050 3810 1220 3900 profeetO,

193 3924 235 3987 ‘25
259 3929 330 3994 Neo
349 3937 465 3995 tamen
485 3929 529 3995 ad
547 3936 712 4016 punctum
735 3928 887 3995 decurrit
905 3929 1019 3995 fluxus
1039 3929 1194 3995 eundem.

260 4045 359 4122 Quod
375 4046 463 4111 bene
482 4068 720 4133 comprensum
741 4052 811 4129 est,
832 4046 969 4132 ‹praudo
989 4047 1076 4112 bene
1095 4054 1209 4112 mente
1229 4053 1368 4112 tenetur
1411 4062 1563 4138 2184

261 4160 438 4245 Quidquid
457 4160 630 4248 principio
649 4161 870 4246 elarnvimrm,
891 4169 929 4227 ut
949 4163 1101 4228 similare

263 4276 316 4341 Sit
336 4277 401 4342 toti
421 4276 617 4359 minimum,
636 4299 852 4363 vacuumque
872 4278 908 4342 in
928 4278 1077 4365 purtibu’
1098 4277 1231 4343 eunetis

262 4393 442 4479 Concipiet
461 4415 597 4459 mensor
615 4393 770 4459 minimis
789 4393 976 4459 consistere
995 4395 1123 4481 planis,
