3428 5138
608 459 652 503 DE
671 458 785 503 inmitti
803 455 1007 502 emersum.

673 837 825 906 CAPVT
857 838 954 904 VIII.

311 1007 411 1050 Dubium
422 1020 466 1060 quc
477 1009 622 1059 Peripatetici
635 1011 715 1049 contra
724 1008 810 1060 seipsos
822 1008 935 1059 dubitant,
948 1007 1071 1048 insolutum
1083 1013 1160 1048 1616611
1171 1007 1199 1048 nb
1218 1007 1313 1048 eisdem.

327 1217 400 1283 Neo
418 1215 518 1283 video
537 1222 576 1282 ut
595 1214 777 1301 quisquam
796 1236 816 1279 a
835 1234 941 1281 nervo
960 1235 1032 1280 sese
1050 1212 1195 1279 extricet
1214 1212 1294 1297 iiio,

240 1333 341 1401 Unde
357 1332 425 1398 sibi
444 1331 561 1398 miseri
578 1337 716 1396 centum
734 1335 895 1418 portenta
914 1329 1055 1397 suborta

196 1449 217 1514 b
239 1449 462 1517 Infinitantes
481 1447 632 1514 videant.
653 1447 740 1512 Mihi
756 1446 884 1513 sufficit
902 1469 1010 1513 uuum

241 1567 423 1634 Obiectare
441 1566 556 1650 modo;
576 1573 741 1654 poterunt
759 1588 839 1631 mox
857 1565 943 1631 talia
960 1564 1057 1630 mille

240 1683 448 1770 Excogitare
467 1682 540 1766 alii,
561 1682 643 1768 quia
661 1688 714 1748 tot
732 1703 843 1769 prono
861 1704 962 1748 amne
980 1687 1181 1767 sequuntur.
1371 1707 1384 1746 1
1407 1711 1449 1772 p,
1462 1694 1533 1759 32

240 1799 294 1865 Do
312 1799 380 1866 tibi
399 1798 584 1885 quantavis
602 1797 807 1886 productam
826 1804 917 1864 sorte
933 1796 1144 1880 columnam,

241 1918 309 1985 Sed
328 1917 438 1983 latum
454 1916 606 1983 eiusdem
624 1916 797 1983 describat
815 1915 964 2004 duplicis
983 1916 1086 1983 ulnae

177 2031 219 2096 10
241 2035 411 2118 0116611161
430 2034 520 2100 hano
539 2034 667 2100 circum
686 2040 839 2100 extremo
859 2033 1016 2121 capiatur
1035 2033 1079 2099 ab
1098 2053 1168 2100 uno

240 2151 391 2219 Produci
409 2151 447 2217 111
465 2150 595 2238 spiram
612 2150 656 2217 ad
672 2149 768 2217 aliud
787 2156 867 2238 post
885 2149 1024 2237 singula
1042 2155 1172 2238 puncta

240 2269 364 2353 Linea,
384 2267 551 2357 porrectis
570 2268 686 2334 annis:
706 2267 776 2334 iam
794 2290 910 2334 nonne
929 2275 1106 2355 sequetur,
1362 2297 1388 2335 10

243 2385 357 2463 Quum
376 2407 487 2470 neque
505 2384 552 2450 sit
567 2405 710 2450 numero
726 2384 805 2450 finis
824 2382 1056 2471 praescriptus
1074 2405 1193 2450 eorum

244 2501 312 2579 Qui
329 2502 366 2567 in
382 2507 514 2568 rectum
532 2500 681 2567 tendunt
699 2508 921 2588 punctorum,
937 2523 1001 2568 nec
1019 2524 1162 2569 numero
1181 2524 1253 2568 esse

178 2621 219 2686 lo
243 2618 415 2685 Uinarum
434 2639 655 2703 quemquam,
675 2616 808 2683 mediae
826 2639 914 2703 quae
933 2616 1217 2685 interficiuntur?

243 2734 321 2800 Non
341 2734 450 2821 igitur
469 2755 621 2800 mensam
641 2732 827 2799 testabitur
845 2732 915 2799 ulia
930 2740 1083 2821 potestas

243 2852 414 2940 Spiralem
432 2851 585 2935 ductam,
606 2851 744 2937 quando
759 2850 890 2918 virtute
909 2852 1072 2918 subactae
1364 2879 1389 2919 16

242 2968 371 3034 Rectae
387 2969 525 3034 infinita
545 2974 605 3034 est.
626 2967 717 3046 Quid
732 2967 828 3034 tum?
847 2967 950 3035 Nunc
968 2967 1107 3034 cardine
1126 2967 1210 3034 bino

245 3083 447 3173 Supposito‚
468 3084 624 3169 sequitur
641 3084 746 3150 finem
765 3083 870 3150 istum
889 3091 928 3150 ut
944 3084 1036 3150 inter
1054 3091 1089 3151 61
1108 3084 1208 3150 illum

176 3202 221 3266 20
243 3201 352 3269 Linea
371 3201 417 3267 sit
436 3200 591 3266 medians
607 3221 678 3265 666
694 3199 765 3266 6116
784 3198 942 3287 praedita
961 3198 1038 3264 fine.

531 3442 580 3481 Duc
599 3440 803 3492 Peripateticorum
818 3444 953 3491 argumenta
967 3441 1099 3481 iortireima.

246 3626 313 3692 Sed
331 3648 437 3714 perge
455 3625 594 3690 illorum
613 3624 758 3711 aspicito
778 3623 862 3710 quid
877 3632 1029 3712 praestet
1046 3623 1215 3708 Achilles,

244 3743 547 3831 Argumentantur
565 3741 700 3830 pugiles
719 3741 805 3807 duce
823 3741 887 3808 sub
904 3740 1087 3828 Stagirita‚

245 3859 391 3936 Quando
410 3858 474 3923 hoo
493 3858 681 3924 absurdum
699 3857 827 3923 nostris
844 3856 885 3922 de
904 3856 1061 3922 sensibus
1078 3879 1151 3923 esse

178 3977 221 4040 25
246 3975 469 4040 contendunt
489 3982 618 4060 ortum,
638 3981 677 4040 ut
696 3973 802 4061 duplo
820 3973 971 4041 velocius
987 3980 1093 4060 atque

245 4091 474 4180 Progrediens
493 4091 665 4177 reliquum
684 4097 889 4178 percurrant
905 4097 1059 4177 tempore
1077 4089 1115 4155 in
1134 4111 1204 4157 uno

244 4205 400 4292 Aequale
419 4207 591 4273 obiectum
611 4207 776 4294 spatium,
795 4205 918 4274 horum
938 4206 1166 4274 continuante

913 4372 933 4379 .-
940 4372 988 4377 -··-—-
996 4372 1085 4382 ...ν-
1093 4374 1099 4379 -
1120 4374 1193 4381 .-..,-.
1199 4370 1378 4380 ---—-——-·

338 4461 369 4511 23
386 4462 534 4526 Stagyrita
