3428 5138
346 448 405 506 302
645 458 785 503 rounam
805 455 905 499 numu
928 454 972 498 na
992 454 1127 515 ururuo,
1151 453 1181 497 v,

805 850 958 916 CAPVT
992 850 1037 915 ΙΙ.
1504 865 1546 926 p.
1564 850 1656 912 161

393 1055 553 1104 Aequalitatis.
569 1054 644 1094 Datac
659 1055 734 1094 rectae
750 1052 830 1093 adalo
845 1055 928 1102 puncto
944 1052 980 1092 vol
995 1051 1201 1102 quomodocumque
1217 1051 1336 1101 aequalem
1351 1051 1448 1102 ucrlplo.

435 1306 513 1371 Non
533 1305 632 1371 dabis
651 1305 688 1370 in
707 1326 821 1370 rerum
840 1311 966 1370 natura
984 1305 1125 1390 aequale
1143 1327 1206 1391 per
1225 1326 1339 1390 ornne;

346 1420 426 1486 Non
444 1419 528 1485 hacc
547 1442 634 1506 quae
653 1419 766 1485 fuerat
784 1421 912 1507 repetit
932 1443 1093 1487 mensura
1112 1421 1302 1486 subactum.

303 1534 324 1598 ὃ
347 1539 440 1603 Hinc
458 1561 570 1624 neque
589 1538 818 1626 compositum
837 1544 888 1604 est
907 1545 989 1626 pote
1007 1539 1063 1604 vel
1083 1539 1273 1626 complexio
1293 1539 1462 1624 quaedam

346 1654 403 1720 Ad
423 1655 560 1741 signum
578 1677 717 1742 prorsus
735 1654 873 1720 noviter
892 1656 1085 1721 revocarier
1100 1678 1223 1739 unum3

347 1771 533 1836 Innumero
553 1770 724 1855 siquidem
743 1777 954 1837 concurrunt
970 1771 1089 1838 ordine
1107 1779 1223 1858 partes

347 1888 519 1954 Dissimili
538 1886 680 1972 ingenio
699 1894 803 1973 atque
823 1886 911 1970 loco,
931 1911 993 1953 ceu
1013 1888 1170 1954 materiei

348 2006 467 2072 Portio
486 2028 556 2072 non
575 2004 694 2070 eadem
713 2012 765 2070 est
783 2005 927 2092 specics,
947 2005 1088 2071 fortuna
1108 2006 1277 2093 situsque,

283 2121 327 2187 10
350 2124 444 2203 Quae
462 2122 560 2189 varia
578 2121 707 2187 circum
726 2128 830 2208 atque
849 2121 944 2187 intus
963 2123 1050 2188 serie
1068 2123 1184 2189 omnia
1204 2131 1374 2189 constant.

348 2240 438 2305 Nam
456 2239 553 2304 velut
571 2237 762 2304 innumeris
782 2260 843 2325 per
862 2245 986 2305 cuncta
1004 2238 1174 2304 instantia
1193 2237 1357 2305 membris

348 2358 381 2423 A
400 2357 533 2423 eunctis
553 2356 655 2422 datur
674 2356 864 2439 abscessus,
883 2379 994 2441 neque
1010 2363 1110 2422 tanta
1128 2357 1290 2423 eademvc
1470 2385 1495 2422 ιο

348 2473 440 2539 Dein
458 2473 567 2539 tantis
585 2472 778 2558 iisdemque
796 2473 890 2539 valet
909 2472 1082 2540 concessio
1101 2472 1199 2556 oriri,

350 2591 496 2669 Quando
514 2590 635 2656 itidem
654 2597 754 2656 tanta
774 2614 846 2656 esse
864 2592 987 2676 nequit
1005 2590 1177 2656 discordia
1195 2611 1337 2656 concors

232 2696 234 2698 ’
285 2705 327 2770 15
350 2709 513 2793 Undique
532 2707 692 2792 diuersis²
712 2707 820 2772 variis
840 2713 1028 2792 contraque
1047 2707 1209 2793 reposti5‚

350 2822 409 2888 Sic
427 2829 541 2889 tractu
560 2823 728 2889 immenso
746 2822 831 2888 haec
850 2829 926 2889 rota
945 2821 1110 2910 temporis
1129 2821 1255 2909 arripit
1273 2828 1314 2886 ut
1333 2819 1404 2885 sint

352 2935 517 3025 Simplice
535 2945 710 3004 momento
731 2938 880 3005 millenis
900 2939 994 3004 mille
1013 2947 1185 3005 tomorum
1471 2961 1495 3000 a

351 3054 398 3118 Et
416 3053 637 3120 fortunarum
656 3055 809 3121 numeris
828 3055 926 3122 varia
945 3055 1075 3140 omnia,
1095 3054 1254 3141 quamvis

350 3169 533 3257 Effugiant
553 3194 674 3237 sensus
694 3176 820 3254 (rerum
838 3171 902 3238 hae
921 3172 1130 3257 substantia)
1148 3171 1289 3259 parteis.

284 3285 329 3349 20
351 3287 400 3354 Ut
418 3309 554 3373 quoque
573 3309 661 3374 quae
681 3288 784 3354 simul
803 3295 971 3375 apparent
991 3289 1054 3354 sub
1074 3288 1187 3354 iudice
1207 3309 1309 3354 sensu

350 3405 470 3469 Pluris.
489 3411 635 3470 naturae
653 3405 852 3490 abiungunt
871 3413 1045 3472 momenta
1064 3404 1232 3493 profecte,

351 3521 421 3587 Ceu
440 3521 623 3587 minimrun
642 3527 798 3587 nostrum
818 3545 838 3587 a
856 3521 1001 3587 minimo
1020 3521 1249 3608 distinguitur
1268 3519 1351 3585 eius.
1469 3548 1496 3586 ro

351 3638 517 3704 Attamen
536 3637 573 3703 id
592 3637 681 3704 ratio
701 3637 768 3703 sibi
788 3636 1004 3725 pollicitatur
1024 3646 1057 3703 et
1076 3639 1168 3704 ultro

353 3756 525 3839 Praestat,
545 3761 580 3820 et
601 3754 643 3819 ad
662 3777 800 3819 sensum
819 3754 975 3819 subiecta
994 3775 1153 3842 compare
1170 3753 1299 3840 gaudet

286 3873 328 3937 25
352 3872 526 3953 Mensura,
547 3877 587 3935 ut
604 3869 694 3935 radii
713 3870 777 3935 sub
797 3891 918 3935 norma
936 3870 1046 3936 multa
1066 3870 1204 3936 subesse

352 3990 464 4058 Unius
484 3987 664 4071 acciderit,
683 4010 771 4075 gyro
790 4009 1060 4075 comprensaque
1079 3987 1198 4054 eodem

351 4109 424 4174 Aut
443 4127 540 4190 arcu,
560 4111 622 4170 aut
639 4104 782 4192 paribus
801 4104 944 4171 venient
962 4104 1185 4170 adcommoda
1204 4103 1324 4189 signis.
1471 4112 1657 4190 251).162

352 4223 420 4289 Sed
439 4221 523 4308 quid
542 4243 628 4308 opus
648 4221 832 4306 triquetro,
853 4220 939 4285 mihi
958 4220 1096 4306 quando
1115 4219 1326 4307 simpliciora

354 4336 561 4425 Compositis
581 4335 671 4401 ratio
690 4343 785 4419 sunt,
805 4336 964 4402 non'illis
983 4336 1051 4402 ista
1070 4335 1238 4419 vicissim,

287 4463 331 4526 30
352 4459 600 4539 Praeterquam
618 4452 764 4541 physico
783 4459 818 4517 et
836 4452 993 4520 discursu
1011 4451 1217 4541 posteriore,
