3428 5138
527 464 843 512 conrnurnsrmuus
864 467 909 510 nx
930 466 1060 513 susino.
1305 455 1364 514 225

302 623 361 683 Est
377 621 452 684 ordo
473 643 532 701 qno
553 629 691 683 centrum
718 621 927 699 magnitudine
954 622 1060 683 circuli
1086 624 1297 704 sphaeraeque
1314 627 1366 687 ab·

222 748 367 801 sumatur.
383 738 544 816 Quoniam,
563 746 598 800 ut
618 740 649 799 in
676 759 748 800 area
773 739 943 801 Democriti
964 746 1013 800 est
1038 740 1250 814 menifestum,
1273 761 1365 802 unum

223 858 376 919 minimum
403 859 453 919 vel
482 878 625 936 magnum
652 859 703 920 vel
732 867 996 937 quantumcunque
1025 859 1186 936 globosum
1208 881 1267 922 non
1294 862 1364 942 plus

222 996 312 1052 quem
330 975 466 1036 serraliis
482 975 661 1053 aequalibus
681 974 802 1053 punctis
819 975 992 1053 attingitur,
1015 975 1095 1036 inter
1116 997 1241 1053 qnorum
1259 998 1372 1039 coeun-

178 1097 198 1161 5
222 1092 297 1153 tium
327 1093 456 1170 angulos
483 1112 538 1154 sex
564 1092 617 1152 alii
645 1092 820 1154 immediate
848 1093 981 1154 secundo
1009 1093 1200 1156 intercedant
1223 1103 1254 1156 et
1280 1096 1362 1158 idem

222 1218 358 1270 centrum
376 1217 578 1286 agnoscentes
591 1209 878 1288 circumponuntur,
901 1209 971 1270 hino
992 1218 1041 1271 est
1061 1211 1142 1288 quod
1159 1212 1362 1279 solertissima

221 1326 387 1402 antiquitas
414 1345 532 1385 omnem
561 1324 694 1385 influxus
720 1324 866 1387 virtutem
894 1325 934 1385 ed
960 1325 1121 1387 duodecim
1152 1329 1360 1391 tantummodo

221 1443 325 1521 spacia
338 1442 452 1520 retulit,
467 1462 594 1520 quorum
607 1442 633 1502 si
648 1440 784 1503 exactior
801 1440 977 1504 distributio
990 1450 1098 1522 posset
1111 1443 1251 1522 inveniri,
1268 1443 1360 1523 longe

220 1560 341 1640 plenius
358 1561 396 1620 ad
418 1560 709 1647 prognostioendum
735 1560 879 1621 iudicium
901 1561 1089 1623 sortiremur.
1108 1559 1184 1621 Inde
1210 1569 1298 1641 patet
1314 1583 1362 1623 ae·

156 1678 198 1742 10
221 1678 323 1755 qualia
339 1698 393 1738 sex
410 1686 528 1738 tantum
546 1678 650 1757 spacia
666 1697 722 1738 sex
738 1677 864 1737 definita
874 1677 965 1738 lineis
978 1698 1087 1756 purum
1101 1698 1210 1740 versus
1224 1687 1361 1740 centrum

220 1795 377 1872 influxum,
396 1814 509 1872 sexque
527 1794 587 1855 alia
607 1795 705 1872 magis
721 1796 882 1856 remissum
903 1802 995 1872 atque
1016 1793 1061 1854 uti
1083 1795 1285 1874 compositum
1308 1795 1362 1855 irn-

220 1913 351 1971 mittero.
369 1911 420 1970 Sic
436 1917 523 1987 patet
539 1918 573 1971 ut
588 1920 652 1971 tum
670 1910 812 1990 physice,
830 1918 895 1970 tum
911 1910 1097 1988 geometrice
1116 1919 1252 1971 centrum
1272 1931 1362 1989 regu-

219 2032 326 2090 leritor
342 2029 530 2105 absumatur5
550 2034 712 2107 postquam
730 2029 810 2090 enim
826 2029 879 2088 uni
900 2028 1115 2107 circumposita
1142 2037 1215 2091 suut
1240 2049 1308 2108 sex,
1330 2037 1362 2090 et

219 2148 281 2207 illis
302 2167 356 2208 sex
378 2145 537 2206 duodecim
558 2146 714 2223 aequalia,
735 2146 793 2205 hoc
817 2153 915 2206 totum
940 2146 1130 2225 complexum
1148 2165 1185 2206 ex
1203 2146 1308 2207 decem
1330 2155 1362 2208 et

154 2265 195 2328 15
218 2285 328 2326 novem
353 2265 493 2345 partibus
511 2285 578 2325 oum
595 2265 659 2325 suis
676 2262 846 2325 octodecim
868 2263 981 2343 spaciis
1002 2264 1047 2324 uti
1068 2271 1221 2343 centrum,
1244 2265 1291 2325 cui
1313 2285 1362 2326 eo·

218 2382 287 2442 dem
310 2380 416 2441 ordine
436 2400 490 2440 sex
517 2380 656 2456 aequalia
685 2380 966 2459 circumponuntur,
989 2379 1169 2460 accipietur;
1196 2380 1300 2458 itaque
1327 2382 1359 2442 in

218 2499 368 2558 infinitum
385 2518 439 2558 seu
456 2496 645 2557 indefinitum
665 2497 705 2577 (si
722 2497 856 2577 placeat)
873 2495 1097 2575 ratiocinando,
1115 2496 1170 2558 sod
1188 2517 1250 2558 non
1266 2498 1360 2558 virtu·

219 2624 279 2674 tem
298 2614 487 2692 expectando
506 2613 650 2692 influxus,
665 2612 857 2692 procedatur.
876 2613 938 2674 Ubi
955 2613 1029 2675 licet
1044 2614 1216 2674 continuum
1236 2614 1277 2674 sit
1293 2614 1359 2675 infi-

218 2731 327 2808 nitum,
343 2730 422 2791 actio
440 2750 500 2791 non
517 2730 632 2808 poterit
645 2749 714 2791 esse
728 2729 847 2790 infinita
860 2729 929 2807 nisi,
944 2739 979 2791 ut
995 2728 1292 2812 eliaslostendimus,
1310 2750 1358 2792 ex·
1381 2752 1422 2815 p,
1434 2736 1504 2800 88

152 2856 197 2919 ‘20
219 2849 353 2924 tensive3
378 2848 463 2909 cuius
489 2848 536 2908 rei
561 2867 622 2907 una
648 2846 686 2908 de
715 2846 905 2926 principibus
931 2847 1011 2907 ratio
1043 2855 1106 2926 est,
1134 2847 1206 2925 quia
1236 2867 1358 2927 semper

219 2965 385 3026 secundum
412 2964 584 3042 analogiam
611 2963 649 3023 ad
677 2963 799 3040 singula
823 2972 927 3025 centro
951 2963 1083 3042 variato,
1112 2970 1196 3024 totus
1224 2964 1358 3043 nudique

219 3104 280 3144 non
304 3094 352 3145 est
374 3083 583 3144 contrabibilis
610 3082 648 3143 ad
669 3083 790 3142 unicum
812 3091 947 3142 centrum
968 3081 1109 3144 influxus.
1128 3082 1179 3142 Sic
1196 3101 1270 3161 ergo
1293 3091 1358 3142 tum

218 3223 374 3281 nusquam,
388 3210 451 3261 tum
466 3201 576 3278 ubique
595 3200 725 3261 medium
744 3201 774 3260 in
791 3200 909 3260 infinito
925 3201 1011 3261 etad
1028 3201 1177 3261 inlinitum
1196 3220 1359 3280 possumus

219 3319 368 3396 accipere.

153 3437 196 3498 ‘25
298 3437 313 3482 l
336 3437 396 3497 Sed
414 3438 452 3496 ad
471 3437 591 3497 titulum
612 3436 791 3496 intentionis
812 3436 903 3497 huius
930 3444 1139 3514 revertentes,
1157 3434 1287 3496 dicimus
1305 3436 1359 3496 cir·

221 3554 319 3614 culum
336 3563 426 3630 atque
441 3554 602 3632 sphaeram
617 3554 744 3614 alteram
763 3553 821 3614 sibi
842 3554 1000 3630 aequalem
1018 3552 1048 3612 in
1065 3559 1178 3631 puncto
1196 3551 1358 3630 attingere.

222 3675 315 3750 Atqui
330 3675 374 3732 ita
391 3673 494 3751 puncti
513 3684 544 3732 et
561 3679 718 3733 contactus
735 3671 774 3732 ad
792 3680 933 3750 punctum
952 3671 1051 3750 adque
1069 3680 1241 3733 contactum
1259 3673 1359 3732 analo-

220 3793 300 3868 gium
319 3792 469 3868 quandam
488 3791 648 3870 concipere
666 3798 800 3869 oportet,
816 3787 1068 3866 quemadmodum
1085 3796 1117 3849 et
1138 3788 1358 3866 magnitudinis

223 3910 309 3968 unius
327 3907 431 3967 circuli
449 3917 540 3984 atque
557 3907 641 3984 globi
656 3906 693 3966 ad
712 3906 841 3967 alterum
859 3925 928 3966 esse
945 3913 1075 3967 constat.

283 4166 299 4213 2
316 4164 456 4224 Quoniam
474 4165 554 4227 (ut—
565 4164 619 4226 ost)
632 4160 816 4212 manifestum
829 4172 918 4211 unnrn
981 4160 997 4209 6
1014 4158 1267 4224 circumponuntur
1284 4157 1360 4208 Hinc

356 4580 430 4620 llius!
450 4581 504 4631 opp.
516 4583 556 4620 lul.
571 4583 588 4631 l,
600 4583 621 4622 3.
