3428 5138
615 398 659 444 un
679 397 883 446 1111111111
903 395 1023 445 aurun.
1331 379 1389 441 255)

250 556 361 622 Recta
381 556 529 642 quadrat
548 579 685 643 campo;
706 580 769 623 nee
788 557 880 622 enim
900 557 1076 643 sphaerale
1095 555 1290 644 putandum

251 673 318 736 Per
334 679 476 738 cunctas
496 672 706 758 triquetrum
725 680 841 761 partes
861 673 928 739 toti
946 672 1143 738 adsimilare
1392 685 1433 746 1)-
1452 669 1549 733 120

251 790 294 855 In
312 789 417 876 plano
437 789 615 876 adpictum
634 811 693 854 seu
712 789 815 855 rectis
834 789 987 875 undique
1007 788 1124 871 costis,

253 905 319 982 Qui
339 905 405 970 rite
424 905 572 992 speciem
592 927 726 993 semper
744 911 924 972 conservat
943 905 1101 990 eandem,

207 1023 228 1086 ὅ
252 1022 397 1100 Quando
416 1022 580 1109 parallelo
599 1021 692 1087 basis
711 1029 763 1087 est
781 1021 936 1088 subiecta
956 1028 1085 1087 tenore.

251 1139 294 1205 Id
311 1140 413 1226 plane
432 1140 469 1204 in
489 1139 633 1226 sphaera
652 1139 840 1226 sphaeralis
859 1139 985 1205 habere
1004 1140 1162 1226 trigonus

252 1253 471 1342 (lampertus,
491 1254 588 1320 nullo
606 1277 747 1342 prorsus
766 1255 966 1320 discrimine
985 1255 1074 1339 visu,

252 1373 302 1439 Ut
320 1372 498 1459 proprium
519 1373 700 1438 amborum
719 1373 912 1439 subiectum
931 1396 1071 1440 noscere
1088 1374 1198 1461 possis

252 1486 308 1552 Ad
328 1486 456 1573 duplex
474 1493 629 1573 spectare
647 1510 768 1573 genus.
792 1488 934 1553 Temere
954 1511 1035 1576 ergo
1054 1496 1209 1555 recenter

188 1603 231 1667 10
254 1600 406 1668 Istorum
425 1602 590 1688 triquetri
609 1603 789 1670 meditatio
809 1604 1040 1691 multiplicata
1060 1610 1128 1689 est,
1372 1633 1397 1670 a)

252 1717 302 1783 Ut
320 1716 424 1804 plano
444 1719 587 1805 cupiant
606 1719 794 1807 sphaeralis
814 1719 954 1785 reddere
973 1719 1104 1786 formae

252 1833 430 1899 Olaratum
450 1835 638 1921 specimen,
659 1835 752 1921 quod
770 1836 862 1901 idem
881 1842 933 1902 est
951 1859 992 1902 ae
1010 1836 1039 1902 si
1058 1835 1133 1902 vice
1152 1857 1251 1900 versa

252 1948 414 2015 Convexa
433 1950 471 2015 in
489 1949 578 2016 facie
597 1951 768 2017 rationem
788 1952 963 2038 inquirere
981 1952 1105 2040 planae

253 2064 450 2131 Contendat
470 2067 663 2152 quisquam.
682 2069 724 2133 In
743 2068 883 2155 proprio
903 2091 964 2134 sua
982 2067 1094 2133 forma
1112 2066 1261 2133 videnda
1281 2074 1332 2130 cst

188 2181 230 2246 15
253 2181 346 2267 Ergo
366 2181 532 2266 subiecto,
553 2182 612 2248 sed
631 2206 702 2249 non
720 2184 781 2249 ubi
801 2206 871 2249 non
890 2191 971 2271 pote
989 2182 1107 2270 praxis
1370 2208 1396 2246 25

252 2297 362 2363 Usum
382 2298 596 2384 comprendi,
615 2321 727 2385 neque
745 2322 902 2366 normam
922 2323 963 2364 ex
982 2299 1112 2365 lumine
1131 2296 1270 2380 mentis;

253 2415 302 2480 Ut
322 2437 432 2500 neque
453 2425 635 2503 componet
655 2416 837 2503 quisquam
856 2417 1024 2504 quadrata
1043 2413 1215 2498 rotundiS,

252 2529 438 2617 Imparque
457 2531 638 2618 impariter
657 2555 727 2598 non
748 2556 824 2599 cum
843 2535 975 2621 pariter
992 2555 1076 2621 pare
1094 2530 1256 2618 quadrat,

253 2647 500 2734 Praeterquam
518 2649 643 2716 fallens
662 2652 841 2738 proprium
862 2674 999 2717 sensum
1018 2657 1121 2735 atquo
1140 2648 1302 2714 alienum.

185 2764 230 2828 20
253 2763 343 2828 Nam
361 2765 472 2829 veluti
492 2788 626 2852 semper
644 2790 735 2833 nova
754 2768 859 2833 sectio
879 2790 1026 2856 parsque
1045 2765 1209 2848 resultat,
1371 2789 1398 2828 ao

253 2877 312 2944 Sic
329 2901 420 2946 nova
439 2903 620 2947 mensurae
639 2892 691 2947 est
710 2884 852 2971 species;
872 2883 1024 2949 medium
1043 2882 1125 2968 quia
1143 2878 1289 2946 chordae

251 2996 362 3061 Arcus
382 3019 453 3062 non
471 2996 574 3062 fulcit
593 2999 757 3082 medium,
778 3000 912 3067 ratione
931 3023 995 3066 nec
1014 2998 1086 3065 ulla

252 3112 514 3200 Comprendunt
531 3115 697 3200 gradibus
717 3117 819 3182 certis
839 3117 1048 3203 adstantque
1066 3115 1231 3182 vicissim.

252 3227 345 3313 Ergo
364 3251 428 3294 nec
446 3237 560 3295 totum
580 3254 740 3298 mensura
756 3238 808 3298 est
827 3232 936 3298 totius
955 3232 1041 3315 illic,

185 3345 229 3408 Ξῖ)
252 3343 324 3408 Nec
341 3345 453 3432 partis
472 3369 553 3432 pars
573 3369 645 3413 esse
664 3349 758 3414 valet
777 3370 920 3414 numero
940 3348 1003 3414 sub
1023 3348 1155 3430 eedem,

252 3459 324 3524 Nee
343 3461 420 3546 tali,
441 3468 480 3527 ut
499 3463 593 3550 ipsos
612 3463 707 3530 intra
723 3488 795 3530 csse
814 3465 993 3553 proportio
1011 3464 1123 3552 possit

252 3575 380 3641 Iisdem
400 3599 579 3643 mensurae
599 3578 709 3664 signis
729 3580 858 3645 serieve
875 3580 939 3646 sub
958 3602 1041 3661 una3

253 3691 320 3757 Sed
338 3692 453 3758 minus
471 3693 596 3759 erroris
615 3701 780 3781 reputant
798 3695 863 3761 hae
882 3703 956 3761 arte
975 3695 1126 3778 subesse,

252 3808 410 3875 Circulus
429 3808 466 3874 in
484 3810 600 3897 plures
620 3834 687 3896 qua
707 3818 822 3898 partes
842 3812 967 3877 scissus
986 3811 1099 3877 abivit

186 3934 230 3997 30
251 3925 397 3991 Primae.
417 3925 509 3992 Hinc
528 3926 672 4014 capiunt
689 3927 782 3992 hunc
801 3928 955 3994 millibus
976 3951 1048 3993 esse
1068 3935 1239 3994 tomorum
1372 3967 1398 4004 ⁴0

253 4041 404 4108 Millonis
423 4041 567 4126 frustra;
586 4042 668 4128 quid
689 4043 781 4109 enim
800 4044 1060 4131 comprenditur
1076 4045 1218 4131 isthinc,

255 4156 399 4236 Quande
418 4158 468 4223 ita
487 4181 557 4225 non
577 4158 694 4224 veniet
714 4160 825 4225 maior
843 4160 1024 4226 distinctio
1044 4167 1079 4225 et
1097 4182 1179 4227 usus
1403 4188 1444 4248 p.
1467 4174 1554 4238 121

350 4423 366 4473 8
383 4421 540 4489 adpictum
