3428 5138
538 431 854 481 conraurrnrronns
873 433 916 480 nx
938 434 1067 483 nrnruo.
1310 417 1369 484 227

660 887 812 953 oAPVr
845 888 947 955 XIII.

493 1114 590 1165 obliqua
601 1115 686 1156 cadens
697 1116 720 1156 ln
731 1115 823 1167 planum
835 1126 881 1156 non
893 1115 966 1165 tangit
977 1116 1003 1156 ln
1013 1119 1106 1166 puncto.

318 1431 420 1496 Mitte
439 1430 530 1516 quod
548 1438 584 1496 et
601 1437 714 1497 tactus
730 1438 860 1519 puncto
878 1432 927 1499 sic
946 1455 1080 1520 semper
1098 1433 1142 1499 ab
1161 1432 1244 1499 iisce

231 1548 441 1636 Comprendi
461 1548 573 1634 video,
594 1554 633 1613 ut
652 1549 760 1614 multa
779 1548 978 1634 ignorantia
996 1549 1157 1638 deinceps

186 1670 207 1732 5
229 1667 413 1749 Demanet;
434 1666 572 1752 quando
592 1665 629 1732 in
647 1673 776 1732 rectam
795 1666 888 1733 cadit
906 1668 1015 1734 altera
1033 1674 1129 1734 recta

228 1782 389 1868 cuique,
410 1782 541 1869 pariter
559 1790 723 1870 reputant
742 1806 777 1848 se
792 1784 964 1870 attingere
982 1791 1112 1872 puncto

226 1900 299 1964 Has
317 1898 482 1985 geminas.
503 1899 577 1965 Imo
597 1899 626 1964 si
643 1922 685 1964 ex
704 1906 778 1965 toto
797 1899 886 1966 hanc
905 1900 1015 1967 altera
1033 1907 1173 1989 tangat,

227 2015 276 2081 Ut
294 2015 445 2101 primum
464 2021 593 2103 puncto
612 2015 667 2080 vel
685 2022 783 2102 parte
802 2015 1005 2102 abiungitur
1025 2039 1107 2100 una,

227 2131 340 2197 Sectio
360 2132 582 2217 consequitur
602 2154 689 2218 quae
707 2139 837 2220 puncto
857 2132 997 2198 insistat
1015 2132 1053 2198 in
1073 2154 1151 2198 uno.

161 2249 203 2312 10
225 2248 341 2334 Atque
360 2249 409 2313 ita
430 2249 473 2314 ab
492 2248 684 2314 innumeris
702 2247 841 2335 punctis
856 2248 1050 2336 progressio
1069 2249 1107 2314 in
1126 2271 1233 2315 unum

154 2424 158 2433 .
225 2363 391 2430 Continui
408 2364 501 2430 facta
519 2371 584 2449 est,
606 2365 763 2449 quamvis
783 2386 920 2451 quoque
939 2364 1102 2431 continue
1117 2365 1205 2431 illud

224 2483 407 2546 Percurrat
425 2487 542 2567 partes
561 2503 639 2546 cum
656 2481 815 2568 partibus
835 2481 1008 2566 omnibus,
1028 2480 1133 2568 idque
1342 2512 1367 2549 ro

224 2596 397 2662 Continuo
416 2597 564 2683 quodam
581 2621 738 2664 successu
757 2597 803 2663 sit
821 2596 1062 2682 manifestum,

223 2713 306 2777 Post
321 2720 456 2798 partem
474 2720 513 2778 ut
532 2720 667 2801 partem
687 2713 861 2798 signatam
880 2713 1050 2780 terminus
1069 2736 1159 2781 unus

159 2836 200 2901 15
224 2830 371 2916 Indicet‚
392 2838 427 2896 et
447 2854 543 2897 casus
560 2831 723 2897 elinantis
742 2831 842 2898 sistat
861 2831 898 2897 in
915 2831 991 2917 illo,

224 2945 324 3024 Quod
342 2970 443 3013 sensu
461 2946 619 3035 physico,
640 2947 731 3034 quod
750 2947 805 3013 vel
822 2947 958 3014 ratione
976 2946 1142 3013 mathesis

223 3062 275 3128 Ac
290 3064 418 3150 logices
437 3071 585 3151 repetas,
605 3086 846 3150 nonunquam
866 3063 987 3130 fallere
1005 3070 1130 3151 posset.
1340 3092 1365 3131 rr

303 3386 429 3447 Minima
447 3394 479 3447 et
493 3396 596 3466 partes
611 3387 767 3463 quaelibet
780 3396 928 3464 aequatae
944 3388 1081 3449 eiusdem
1095 3387 1315 3465 magnitudinis
1333 3397 1365 3449 et

223 3505 405 3584 regulariter
421 3504 560 3582 aequatis
577 3503 728 3583 disposita
742 3504 924 3580 intervallis,
935 3512 970 3564 ut
984 3523 1039 3565 eae
1049 3525 1128 3582 quae
1142 3511 1215 3568 sunt
1232 3526 1250 3565 a
1267 3514 1363 3585 costa,

156 3630 200 3693 20
222 3621 265 3680 ita
282 3621 439 3698 sigillatim
459 3628 588 3698 tangunt
612 3639 664 3681 eas
686 3628 851 3697 quaesunt
872 3620 902 3680 in
928 3621 1078 3681 diametro
1097 3630 1212 3700 partes.
1231 3620 1361 3693 Quando

222 3738 300 3798 enim
316 3737 360 3797 ita
378 3737 520 3798 continue
533 3758 588 3816 per
604 3736 784 3798 diametrum
800 3738 969 3817 procedunt
980 3746 1013 3798 et
1028 3737 1216 3817 ordinantur,
1231 3758 1292 3798 non
1309 3740 1362 3799 ob·

221 3855 319 3916 tinent
336 3855 435 3932 legem
458 3854 683 3932 progressionis
711 3854 847 3915 eiusdem
875 3861 966 3931 atque
997 3853 1208 3916 continuitatis
1232 3874 1289 3935 per
1315 3875 1364 3917 co·

221 3981 308 4033 stam.
327 3971 364 4030 In
379 3971 529 4047 quadrato
548 3971 627 4031 enim
644 3971 757 4032 ABCD
776 3970 918 4032 continue
939 3972 1032 4032 atomi
1053 3991 1088 4031 se
1105 3971 1261 4050 attingunt
1277 3973 1316 4033 ab
1334 3975 1362 4034 A

220 4108 329 4148 versus
345 4088 372 4146 B
389 4094 420 4147 ct
438 4087 478 4163 D,
497 4096 674 4148 nouantem
693 4088 730 4147 ab
756 4088 784 4147 A
801 4107 910 4149 versus
938 4086 971 4147 C.
990 4086 1147 4159 Quadrata
1168 4089 1260 4149 etiam
1284 4109 1361 4167 quae
1441 4108 1447 4119 ·

154 4210 198 4274 25
221 4206 347 4267 suntab
365 4205 393 4264 A
412 4223 519 4265 versus
536 4204 563 4264 B
582 4213 613 4264 et
629 4205 658 4264 D
672 4224 705 4265 se
727 4203 858 4265 invicem
879 4203 1035 4283 attingunt
1054 4203 1226 4266 lateraliter
1247 4214 1279 4267 et
1295 4225 1363 4267 eon·

220 4324 390 4400 tiuuantur,
414 4324 453 4382 ab
475 4323 503 4382 A
522 4341 594 4383 raro
617 4342 725 4383 versus
746 4322 769 4383 O
792 4328 823 4382 et
839 4342 858 4383 a
874 4322 902 4383 B
919 4342 1029 4384 versus
1049 4323 1078 4382 D
1101 4342 1134 4384 se
1162 4331 1292 4403 tangunt
1309 4344 1361 4386 an·

219 4440 375 4519 gularilor.
395 4441 541 4500 Ilcontra
558 4460 631 4500 vero
648 4439 678 4499 in
696 4440 849 4517 triangulo
867 4440 961 4502 Era.
