3428 5138
471 456 626 503 rameru
647 455 817 503 anmasvs
838 456 1106 503 uernanarroos.
1322 440 1361 500 53

218 631 321 698 tertio
341 630 442 697 modo
462 631 577 719 capias
596 631 724 698 lineam
742 631 806 698 AB
819 633 855 698 in
869 633 1021 718 quinque
1039 637 1155 718 partes
1171 628 1319 696 divisam
1333 629 1361 712 1,

216 760 251 843 2,
271 760 306 842 3,
325 758 361 841 4,
380 758 401 823 5
420 757 594 842 terminis,
611 764 646 825 et
664 758 831 824 bisectam
850 759 888 824 in
907 785 944 841 a,
963 766 1047 823 tunc
1066 779 1168 845 super
1186 762 1280 822 recta
1299 754 1359 819 OD

217 884 413 972 triangulus
437 885 668 970 aequilaterus
691 885 924 951 constituatur
948 884 1053 969 CDE,
1082 890 1307 968 centrumque
1331 882 1361 946 E

218 1012 478 1080 circumfluente
496 1013 572 1100 ipso
590 1013 624 1079 A
646 1013 708 1079 fiat
732 1013 880 1080 circulus
898 1011 1036 1078 AFBA.
1055 1012 1171 1098 Atque
1190 1034 1211 1077 a
1228 1018 1361 1099 puncto

172 1139 193 1203 5
216 1140 326 1227 Epor
353 1165 374 1205 a
392 1138 436 1206 ad
455 1139 770 1205 circumferentiam
788 1138 1084 1226 perpendicularis
1103 1137 1249 1204 ducatur
1267 1138 1360 1205 EaF.
1486 1157 1490 1166 ·

216 1265 263 1330 Et
295 1263 434 1331 tandem
467 1264 534 1352 ipsi
567 1265 628 1329 FB
660 1264 813 1351 aequalia
848 1262 1006 1352 capiatur
1040 1285 1139 1329 arcus
1178 1264 1244 1329 ΒΗ
1279 1264 1362 1348 HG,

217 1391 415 1479 iunctisque
441 1391 508 1457 FH
539 1391 608 1456 HA
638 1390 716 1475 BG,
747 1391 803 1458 vel
836 1392 965 1458 iunctis
998 1391 1061 1457 AF
1098 1391 1159 1456 FB
1194 1392 1262 1465 BH
1293 1391 1362 1457 He

217 1515 291 1582 ΘΑ.
312 1518 386 1582 101.
402 1517 451 1584 Ut
462 1516 565 1582 aliter
583 1523 687 1602 atque
705 1514 890 1583 facillime?
911 1516 1091 1600 dbisecta
1109 1516 1363 1583 semidiametro

217 1641 265 1709 01
284 1642 321 1707 in
339 1648 470 1729 puncto
489 1640 537 1727 H,
558 1648 756 1729 punctoque
775 1643 809 1707 H
825 1649 994 1730 punctum
1012 1641 1030 1707 I
1047 1641 1306 1708 circumfluente
1324 1642 1363 1708 in

152 1774 195 1838 10
216 1770 351 1837 ΗΕΑΗ
367 1769 614 1859 peripheriam,
634 1769 671 1835 in
695 1768 862 1836 distantia
878 1770 944 1835 ΕΗ
961 1770 1018 1837 vel
1036 1771 1104 1836 ΑΗ
1123 1778 1175 1836 est
1193 1772 1284 1838 latus
1308 1771 1364 1838 de·

217 1895 340 1982 cagoni
352 1896 480 1963 circulo
493 1894 608 1962 EIVA
619 1895 793 1983 inscripti,
813 1901 848 1961 et
865 1901 994 1983 puncto
1013 1896 1048 1961 Η
1061 1896 1151 1962 circa
1163 1897 1193 1962 Ε
1205 1903 1363 1965 centrum

216 2021 345 2089 fluente
368 2019 594 2087 ostendentur
616 2020 757 2086 termini
785 2020 903 2086 lateris
926 2021 1116 2108 pentagoni
1143 2022 1174 2086 B
1193 2028 1228 2088 et
1246 2022 1282 2087 Ο.
1303 2023 1363 2088 Fit

216 2145 300 2213 item
318 2145 357 2212 in
373 2154 407 2222 ἡ
424 2145 553 2211 fluente
572 2145 598 2210 Ο
618 2146 656 2212 in
670 2152 839 2234 punctum
855 2145 1006 2213 bisectae
1021 2146 1268 2213 semidiametri
1281 2148 1311 2234 f
1329 2155 1364 2213 et

216 2269 352 2358 aequali
376 2270 444 2361 ipsi
463 2271 513 2360 Of
532 2280 690 2361 sumptae
713 2296 816 2361 super
837 2274 926 2360 seP3
946 2281 1031 2340 tunc
1058 2274 1151 2341 enim
1170 2297 1189 2341 a
1213 2276 1361 2343 termino

151 2405 193 2469 15
217 2399 290 2466 eius
309 2399 347 2465 in
366 2425 381 2465 e
400 2398 491 2466 latus
510 2400 577 2466 erit
594 2400 776 2487 decagoni,
792 2400 837 2467 ab
856 2399 976 2468 eodem
998 2407 1113 2467 autem
1137 2402 1175 2467 in
1198 2400 1364 2490 Openta·

215 2524 308 2611 goni.
329 2526 402 2590 102.
420 2527 469 2594 Ut
488 2532 717 2612 apentagono
729 2524 989 2592 sectam‘media
1008 2533 1043 2592 et
1059 2534 1211 2593 extrema
1227 2527 1362 2594 ratione

215 2651 370 2718 habebo?
389 2651 428 2716 Si
446 2647 578 2731 re!ctae
597 2651 730 2718 duobus
748 2652 807 2738 qui
831 2652 992 2740 deinceps
1011 2661 1202 2740 sequuntur
1221 2654 1360 2740 angulis
1385 2672 1410 2720 e
1430 2660 1483 2722 ἓν

216 2777 485 2863 subtenduntur,
506 2777 634 2844 iunctis
652 2777 736 2843 item
751 2776 924 2864 hexagoni
940 2786 974 2845 et
993 2779 1160 2867 decagoni
1178 2780 1359 2865 lateribus,

215 2925 303 2990 quae
322 2901 433 2970 eidem
452 2909 534 2970 sunt
552 2902 721 2991 inscripta
745 2903 882 2971 circulo.

147 3195 193 3260 20
582 3185 863 3263 MEMBRVM
890 3189 1002 3268 XIV.

390 3369 442 3424 DE
460 3368 690 3440 HEXAGONO,
710 3371 1009 3443 DVODEGAGONO,
1030 3372 1191 3430 aldono.

698 3613 790 3682 Orva
811 3617 883 3683 103.

304 3817 352 3886 Vt
374 3816 592 3906 hexagonum
612 3819 739 3888 circulo
763 3822 967 3907 inscribam,
992 3822 1047 3889 vel
1070 3822 1114 3889 ad
1132 3821 1233 3890 datae
1251 3824 1362 3892 lineae

215 3941 327 4008 latus?
338 3943 446 4009 Linea
467 3944 541 4031 ipsa
556 3968 618 4033 pro
631 3946 885 4013 semidiametro
905 3955 1005 4035 capta
1018 3955 1052 4014 et
1065 3949 1361 4016 circumferentiae

149 4076 193 4139 25
215 4069 489 4155 adcommodata,
508 4079 549 4137 ut
566 4081 663 4159 patet
682 4073 719 4138 in
742 4074 786 4163 Θ
805 4075 1034 4166 aequali(bus)
1052 4077 1120 4165 ipsi
1132 4078 1196 4143 AB
1213 4079 1361 4166 sumptis

217 4195 276 4262 ΒΟ
292 4196 349 4261 ΟΕ
361 4197 421 4261 EL
438 4196 503 4263 GD
515 4200 579 4264 DB
593 4199 668 4284 LG,
682 4201 766 4266 etin
780 4203 819 4289 D
833 4204 1034 4288 aequalibus
1053 4205 1120 4292 ipsi
1140 4207 1193 4272 aA
1213 4208 1361 4294 sumptis

220 4368 439 4378 ——-----.

309 4452 326 4504 8
341 4445 377 4531 (ζ’
394 4451 549 4523 tlafiqara
564 4460 699 4511 Annulus
712 4460 805 4527 Gygis
