3428 5138
354 371 398 431 32*
418 408 424 421 -
804 381 945 428 roananr
965 381 1068 428 aavru

355 582 414 643 na,
427 582 496 625 una
513 582 592 626 oum
609 560 668 624 illa
683 557 923 625 infelicissima
935 558 1076 625 sinuum
1093 564 1128 624 et
1144 557 1350 625 chordarum
1365 558 1505 642 techna;

355 686 479 752 volunt
497 685 589 751 enim
609 684 777 751 circulum
796 684 906 770 magis
933 684 971 749 in
997 683 1236 770 heterogeneis
1265 684 1504 770 manifestare,

356 813 417 899 qui
428 813 537 880 lateat
548 813 586 879 in
597 812 832 900 homogeneis,
844 812 990 899 proinde
1000 835 1042 879 ex
1054 811 1196 879 definito
1208 814 1337 900 angulo
1351 820 1504 899 quantus

355 945 407 1006 est
431 961 530 1006 arcus
551 941 638 1005 velle
652 938 808 1023 definire,
827 938 911 1024 quid
930 938 1026 1005 aliud
1045 944 1098 1004 est
1119 961 1223 1024 quam
1243 937 1286 1004 de
1305 938 1504 1006 visibilibus

309 1071 330 1135 ὅ
353 1087 415 1152 per
451 1064 643 1130 invisibilia
684 1070 857 1130 attentare
893 1063 1056 1130 notitiam
1097 1069 1132 1129 et
1169 1062 1323 1130 studiose
1366 1063 1503 1153 decipi?

352 1192 405 1256 56.
425 1190 518 1268 Quid
537 1190 628 1278 quod
656 1190 804 1276 angulus
824 1189 975 1274 (Euclidi
993 1189 1111 1273 etiam)
1130 1197 1192 1257 aut
1211 1189 1415 1257 individuus
1433 1197 1502 1276 est,

351 1316 468 1382 autin
486 1316 763 1383 duasinterdum
790 1323 930 1384 tantum
956 1323 1073 1406 partes
1097 1317 1327 1404 dissecabiliS,
1347 1318 1503 1405 quando-

352 1444 510 1533 quidem,
541 1444 570 1511 si
598 1444 739 1512 bissecti
758 1469 866 1531 unam
884 1453 1021 1534 partem
1039 1445 1120 1513 licet
1144 1447 1327 1532 bisseeare,
1347 1469 1418 1515 non
1447 1455 1501 1516 est

351 1570 499 1637 eundem
517 1571 686 1657 angulum
705 1571 892 1657 attingere,
913 1570 972 1638 sed
991 1572 1155 1657 alterum,
1181 1579 1222 1638 ut
1251 1571 1353 1638 facile
1381 1580 1497 1660 potest

287 1696 330 1760 10
352 1696 568 1764 manifestari
578 1696 616 1762 in
632 1695 815 1784 jugera?
827 1696 879 1761 57.
891 1696 1044 1763 Tantum
1060 1718 1141 1784 ergo
1158 1696 1256 1764 abest
1276 1704 1316 1764 ut
1338 1698 1496 1765 doctrina

351 1823 520 1891 eiusmodi
550 1824 806 1912 triangulorum
836 1831 871 1891 et
898 1824 1105 1892 chordarum
1133 1833 1168 1892 et
1196 1826 1336 1894 sinuum
1363 1850 1497 1915 geome-

352 1952 439 2019 triae
467 1953 622 2019 Euclidis
651 1958 770 2040 (quam
798 1954 895 2020 velut
922 1954 1121 2022 inchoatam
1148 1977 1188 2022 ea
1207 1957 1342 2023 ratione
1372 1958 1497 2046 accipi·

351 2084 428 2162 unt)
450 2079 454 2168 1
475 2078 609 2164 aliquid
623 2087 833 2167 apponatur,
849 2087 891 2147 ut
905 2087 996 2147 certe
1012 2087 1151 2148 tantum
1166 2083 1211 2149 ab
1223 2082 1284 2149 illo
1296 2082 1494 2168 detrahant,
1518 2094 1543 2144 ο
1560 2082 1612 2145 4¹·

351 2214 523 2294 quantum
541 2206 740 2294 ignorantia
759 2207 797 2272 in
815 2206 881 2274 hoo
899 2230 1025 2294 genere
1040 2208 1193 2276 detrahit
1208 2232 1229 2276 a
1246 2210 1421 2296 doctrina,
1441 2235 1495 2278 ca·

287 2329 327 2392 15
350 2358 425 2402 1010
440 2328 534 2402 enim
548 2340 788 2423 protestantur
805 2357 844 2402 eo
859 2334 1001 2421 lumine,
1019 2336 1112 2424 quod
1127 2335 1165 2403 in
1179 2336 1334 2404 Euclidis
1350 2338 1497 2403 elemen-

350 2463 395 2529 tis
414 2463 616 2551 explicatur.
637 2464 688 2529 58.
709 2461 877 2529 Centrum
896 2461 988 2549 quod
1007 2470 1059 2528 est
1077 2463 1261 2549 terminus,
1281 2485 1405 2552 nempe
1424 2486 1496 2532 me-

349 2589 446 2655 dium
463 2589 659 2675 minimum,
676 2588 765 2655 velle
780 2589 845 2655 sub
863 2589 1003 2655 nomine
1022 2589 1144 2676 anguli
1162 2589 1330 2678 dividere,
1347 2597 1400 2658 est
1415 2597 1493 2660 tuto

349 2717 439 2782 circa
466 2715 616 2781 nihilum
643 2714 816 2802 negotiari
846 2721 880 2782 et
903 2715 1083 2802 negotium
1103 2716 1177 2783 ocio
1199 2717 1311 2805 peius,
1331 2717 1393 2785 ubi
1411 2740 1494 2786 vero

349 2841 442 2927 quod
461 2847 513 2906 est
531 2839 716 2906 minimum
734 2863 754 2907 a
774 2838 875 2907 lineis
890 2841 1094 2928 attingitur,
1111 2841 1366 2930 respiciendum
1380 2848 1433 2910 est
1449 2843 1494 2911 ad

282 2966 327 3031 20
349 2966 546 3052 minimum,
578 2965 669 3053 quod
699 2964 952 3054 circumpositis
981 2971 1120 3033 tantum
1150 2989 1210 3035 sex
1237 2968 1315 3034 aliis
1340 2967 1493 3057 spatium

349 3096 506 3184 complet.
528 3097 587 3162 ⁴59.
613 3096 645 3160 N
647 3117 683 3161 cs
711 3094 905 3162 indicamus
936 3117 1133 3161 mensuram
1162 3117 1263 3162 arcus
1286 3119 1307 3163 a
1330 3118 1494 3163 mensura

348 3222 468 3289 circuli
487 3223 584 3289 cuius
608 3229 660 3288 est
683 3243 798 3306 arcus,
819 3227 854 3286 et
872 3244 1069 3288 mensuram
1093 3223 1180 3289 recti
1207 3230 1285 3289 tum
1312 3246 1355 3290 ex
1386 3222 1495 3291 trian-

346 3351 429 3437 gulo
448 3349 660 3436 aequilatero
684 3355 761 3414 tum
784 3369 827 3413 ex
850 3347 995 3434 circulo,
1017 3348 1100 3434 quia
1129 3356 1212 3415 sunt
1242 3349 1310 3417 duo
1341 3351 1492 3418 maxima

347 3483 382 3543 et
400 3476 557 3562 minima,
578 3499 680 3563 quae,
701 3476 757 3543 vel
775 3481 816 3542 ut
833 3483 908 3542 tota
928 3476 977 3542 sic
992 3475 1225 3563 continentia,
1245 3478 1301 3544 vel
1319 3484 1360 3544 ut
1374 3484 1492 3566 partes

280 3602 323 3666 25
346 3605 395 3671 sic
414 3611 610 3691 contentae,
631 3626 812 3670 mensurae
830 3610 922 3670 sunt.
942 3604 994 3669 60.
1014 3601 1180 3670 Omnium
1199 3625 1279 3670 cum
1297 3603 1427 3692 duplex
1445 3604 1492 3670 sit

347 3723 534 3821 quaerendi
549 3731 671 3800 modus
685 3732 776 3798 circa
792 3753 938 3818 parvum
961 3738 1023 3797 aut
1046 3730 1276 3818 quodcunque
1291 3730 1490 3817 minimum,

345 3861 400 3925 vel
420 3860 576 3926 absolute
595 3863 630 3925 et
649 3880 690 3923 ex
709 3864 835 3924 natura
852 3857 903 3923 rei
922 3862 1058 3945 (nempe
1077 3857 1139 3923 ubi
1162 3857 1357 3944 quaeritur,
1381 3878 1492 3924 exem·

346 3987 397 4076 pli
416 3988 544 4075 gratia,
566 3993 672 4075 quota
699 4010 780 4074 pars
809 3993 861 4053 est
893 3986 997 4052 huius
1021 3986 1142 4052 circuli
1170 3985 1274 4052 haec?
1299 3993 1362 4053 aut
1384 3995 1492 4075 quota

346 4136 427 4201 pars
466 4113 550 4180 haec
590 4112 694 4179 huius
732 4112 866 4198 rectil),
908 4112 964 4178 vel
1000 4135 1042 4178 ex
1081 4111 1319 4201 suppositione
1351 4119 1490 4201 (nempe

439 4383 455 4433 2
472 4383 671 4446 ethorogeneie
734 4383 750 4432 6
767 4381 916 4434 iniuiduus
