3428 5138
354 373 412 432 138
657 383 798 429 rounam
819 384 921 428 unvvr
943 384 987 427 uu
1008 385 1144 446 uiviuo,
1167 385 1187 428 1.
1261 370 1265 375 ’

431 543 449 593 ii
468 542 533 601 128.
559 539 628 600 Non
656 538 726 619 plus
753 538 922 617 sapientiae
945 548 977 599 et
993 538 1134 616 bonitati,
1153 558 1243 615 quam
1259 538 1453 617 ignorantiae
1469 547 1501 600 et

353 657 507 734 iniquitati
533 675 626 716 voces
653 664 744 732 atque
771 655 867 715 verbe
887 655 1129 715 subministrant.
1151 655 1271 715 Horum
1300 654 1499 734 simplicitate

353 775 470 836 veritas
487 782 519 834 et
535 773 687 849 doctrina;
705 792 833 849 quorum
851 779 959 832 ornatu
985 771 1097 832 inertia
1123 771 1238 848 gaudet
1265 777 1297 832 et
1317 771 1445 847 astutia,
1467 780 1501 833 et

353 910 480 968 quornm
498 889 650 950 varietate
678 906 745 949 oum
771 887 901 964 quadam
928 889 1115 949 mercenaria
1143 887 1350 951 sollicitudine
1377 887 1500 950 vanitas

310 1009 330 1073 5
353 1005 521 1068 insolescit.

433 1122 450 1170 v
470 1124 535 1182 152.
560 1119 750 1180 Exsibilatur
764 1120 796 1178 in
813 1118 880 1179 loro
900 1120 966 1180 sine
984 1121 1104 1197 eloquio
1121 1127 1152 1181 et
1167 1121 1367 1200 persuasione
1384 1123 1499 1185 rhetor.

352 1240 402 1298 Ita
416 1245 448 1298 et
464 1236 527 1315 qui,
551 1237 665 1296 omissa
687 1237 850 1296 verborum
877 1236 1080 1316 proprietate,
1107 1238 1295 1298 emasculatu
1313 1238 1452 1300 oratione
1469 1240 1501 1300 in

352 1363 476 1416 nostrae
494 1355 584 1416 divae
602 1362 761 1415 matronae
779 1353 906 1414 aedibus
925 1355 1150 1432 personaverit,
1169 1355 1286 1431 exulat,
1304 1364 1500 1418 nectentem

352 1480 506 1548 tamquam
534 1471 692 1547 ignorans,
722 1469 778 1529 sed
807 1478 841 1528 ut
872 1469 993 1529 omnino
1024 1469 1063 1530 ad
1091 1469 1328 1546 intelligendum
1353 1470 1501 1535 inhabilis

288 1588 329 1650 10
353 1588 498 1649 eliciatur.
518 1588 559 1646 nt
573 1586 600 1646 si
617 1585 769 1664 quispiam
785 1587 823 1646 ab
841 1586 899 1646 hoe
916 1585 1130 1665 philosophiae
1147 1606 1209 1646 non
1224 1587 1365 1667 populari
1384 1608 1499 1666 genere

352 1705 515 1766 verborum
542 1723 608 1763 cum
636 1701 825 1782 proprietate
857 1702 1085 1782 simplieitatem
1116 1703 1285 1764 tentaverit
1317 1705 1498 1786 excludere,

347 1820 450 1899 magis
466 1819 623 1898 parricidii
641 1828 731 1894 atque
747 1818 900 1896 sacrilegii
917 1838 988 1878 reus
1006 1824 1085 1895 esto,
1104 1820 1235 1894 quamsi
1250 1819 1376 1881 deorum
1394 1841 1497 1883 sacro-

352 1944 476 1996 sanctas
498 1935 647 2013 imagines
667 1932 890 2014 profanaverit:
907 1942 1014 2012 utpote
1032 1934 1204 2012 Saturnum,
1222 1935 1363 2014 Martem,
1379 1937 1500 2016 Neptu-

352 2074 437 2129 num,
463 2052 629 2125 Oceanum,
652 2052 819 2112 Herculem
839 2053 943 2130 bysso,
963 2071 1110 2130 purpura,
1129 2051 1263 2131 annulis,
1281 2053 1439 2114 inauribus
1467 2063 1501 2115 et

291 2177 331 2240 15
357 2169 563 2229 cincinnorum
589 2168 717 2228 fimbriis
744 2167 963 2245 inlronestarit,
991 2166 1042 2244 qui
1067 2187 1122 2245 pro
1144 2189 1219 2230 vera
1242 2169 1403 2232 maiestate
1424 2170 1500 2232 nudi

358 2305 426 2348 cum
443 2284 669 2364 simplicissimo
689 2283 741 2362 (ad
760 2284 885 2345 deitatis
907 2282 1125 2363 differentiam)
1143 2284 1204 2346 telo
1222 2285 1308 2364 pingi
1325 2286 1500 2351 voluerunt.

820 2661 972 2729 OAPVT
1005 2663 1050 2728 H.

454 2836 573 2877 Minimum
585 2846 633 2876 esso
647 2837 694 2873 tum
707 2844 863 2883 numerorum,
874 2837 922 2873 tum
935 2834 1127 2886 inaguituiinum,
1140 2838 1187 2875 tum
1199 2835 1301 2876 omnium
1317 2837 1401 2878 utlibet

748 2906 936 2945 elementatorum
950 2907 1108 2947 substantiam.

292 3100 336 3162 ‘20
448 3092 497 3157 Au
520 3092 607 3157 mihi
625 3090 773 3157 sufficiat
792 3113 906 3157 rerum
925 3090 1155 3178 propendere
1172 3090 1284 3158 lucem

358 3209 543 3297 Adpetere,
565 3216 599 3275 ct
617 3209 784 3296 templum
806 3210 914 3275 solido
934 3233 976 3274 ex
995 3209 1177 3276 adamant-o
1196 3210 1353 3279 futurum

358 3327 501 3412 Erigere
521 3327 558 3392 in
577 3325 704 3391 seclum
723 3348 831 3410 usque
851 3326 934 3392 aelec
954 3326 1095 3392 meliora
1113 3326 1277 3413 professe.
1526 3357 1568 3418 p.
1588 3343 1623 3407 9

359 3446 405 3510 Et
424 3467 628 3531 qiraeunqne
644 3445 737 3509 Deus
756 3445 857 3511 iussit
877 3468 1082 3532 consurgere
1100 3445 1188 3512 vena

361 3562 462 3628 Nunc
482 3583 602 3626 canere
622 3561 796 3648 incipiam.
817 3563 979 3628 lllrrvrrrvn
998 3563 1192 3629 substantia
1216 3587 1330 3631 reruni
1349 3576 1414 3651 est,
1489 3600 1502 3637 5

295 3681 338 3743 95
362 3678 477 3762 Atque
496 3677 642 3742 ididem
662 3678 801 3743 tandem
818 3679 975 3766 opperies
995 3702 1096 3767 super
1116 3680 1230 3747 omnia
1254 3704 1428 3767 inagnum.

361 3795 454 3858 Hine
473 3816 607 3877 monas,
626 3794 707 3859 hinc
726 3802 873 3880 atomus,
893 3801 1054 3880 totusque
1072 3796 1154 3860 hinc
1171 3796 1324 3881 undique
1343 3798 1440 3868 fusus

364 3910 527 3997 Spiritus,
549 3911 584 3974 in
604 3910 697 3975 nulla
717 3911 907 3976 consistens
924 3913 1026 3997 niele,
1047 3912 1185 3996 suisque

363 4027 488 4092 Omnia
508 4027 720 4093 constituens
737 4028 862 4113 signis,
883 4028 1029 4094 essentia
1047 4034 1133 4109 tota,

363 4142 399 4206 Si
419 4166 472 4206 res
492 4143 666 4230 inspicias,
687 4143 750 4209 lice
767 4145 907 4210 tandem
926 4152 990 4228 ost,
1008 4142 1243 4227 materiesque.

457 4393 487 4443 13
503 4395 727 4462 proplianavorit
