3428 5138
674 428 718 472 nu
739 427 904 473 arnnsvna.
1302 418 1360 476 329

298 581 380 644 Cave
397 602 435 642 ne
454 583 534 642 sicut
552 584 696 661 angulum
713 585 880 664 duplicare,
899 585 1055 665 triplicare
1071 595 1103 647 et
1120 585 1364 664 quomodolibet

216 719 330 776 augere
347 700 431 760 iuxta
446 702 623 762 continuum
643 702 766 763 modum
791 704 920 781 accidit,
938 705 982 764 ita
1002 712 1035 766 et
1060 704 1193 765 discrete
1215 704 1313 765 dividi
1331 712 1363 765 et

216 820 383 880 secuudum
406 829 511 900 partes
528 821 725 901 multiplicari
744 823 914 900 existimes;
932 845 987 904 pro
1005 825 1063 885 hoc
1084 824 1167 886 enim
1183 824 1314 902 plurima
1331 823 1362 882 in

216 941 459 1020 praesentiarum
479 948 510 1002 et
526 941 558 1001 iu
574 943 784 1020 superioribus
807 943 989 1022 explicando
1011 944 1136 1005 lecimus
1153 944 1360 1004 fundamenta.

174 1054 194 1118 5
216 1060 336 1139 Nempe
354 1059 467 1120 etenim
484 1059 516 1119 in
534 1060 694 1140 proposito
717 1061 776 1121 hoc
800 1083 818 1122 a
843 1061 977 1122 continui
1006 1069 1169 1140 augmento
1197 1071 1229 1123 et
1259 1061 1362 1122 decre-

216 1187 318 1240 mento
335 1177 429 1258 (quod
446 1198 506 1239 nou
524 1179 563 1238 ab
584 1185 666 1254 actu,
691 1178 746 1239 sed
771 1200 789 1239 a
814 1180 952 1258 potentia
979 1180 1199 1256 magnitudinis
1225 1180 1360 1257 emanat)

215 1297 442 1359 multitudinem
460 1305 492 1358 et
507 1297 694 1377 paucitatem
715 1298 846 1378 partium
867 1298 1013 1376 colligere
1035 1299 1152 1378 licebit,
1170 1300 1231 1360 nisi
1244 1300 1275 1360 in
1290 1302 1360 1362 sub·

215 1421 296 1482 iecta
313 1419 458 1498 angulum
476 1419 698 1479 substendente
715 1418 793 1494 basi,
817 1419 847 1477 in
869 1440 928 1496 qua
949 1428 1153 1496 quotcumque
1169 1429 1275 1499 partes
1291 1429 1362 1482 actu

216 1537 319 1614 anguli
341 1535 456 1597 virtute
477 1536 713 1613 comperiuntur.
732 1535 990 1614 Distinguendum
1014 1545 1063 1599 est
1087 1539 1166 1598 enim
1195 1539 1277 1600 inter
1303 1540 1362 1601 hoc

151 1653 194 1717 10
215 1656 297 1734 quod
315 1654 498 1731 formaliter,
521 1654 708 1730 virtualiter,
730 1655 844 1733 active,
871 1665 902 1717 et
929 1656 1006 1716 illud
1035 1657 1118 1733 quod
1145 1660 1359 1735 materialiter,

216 1772 378 1832 actualiter
396 1779 427 1832 et
445 1770 588 1831 effective
607 1778 655 1830 est
671 1771 853 1832 huiusmodi.

396 2261 588 2337 SEOTIO
625 2263 700 2334 ΠΙ.
739 2261 812 2333 [DE
853 2260 1184 2339 TRIANGVLO.

687 2689 839 2755 CAPVT
872 2691 899 2755 Ι.

642 2859 759 2909 Triquetrl
774 2859 942 2910 prerogativae.

151 3047 193 3109 ll)
310 3044 448 3109 Cornua
468 3049 507 3109 ut
526 3045 639 3110 aurati
658 3043 845 3132 Nephelaei
864 3046 1001 3111 velleris
1021 3055 1135 3113 essent

217 3160 474 3249 Splendidiora,
496 3168 688 3248 typumque
707 3162 844 3248 insigne
863 3162 1115 3250 principiorum

216 3278 395 3366 Principio
414 3287 564 3366 aptaret,
584 3280 739 3345 referunt
758 3286 981 3345 monumenta
1000 3281 1155 3368 priorulu

216 3394 427 3460 Mercurium
446 3395 483 3459 in
503 3395 597 3460 coelo
617 3395 821 3480 triquetram
841 3396 994 3462 evexisse
1012 3397 1169 3483 figuram.

216 3511 321 3577 Hisce
340 3512 408 3578 alio
428 3513 542 3578 visum
560 3521 612 3577 ost
631 3514 745 3579 studio
765 3514 931 3579 Deltoton
950 3514 987 3579 in
1007 3515 1107 3580 illum

150 3628 194 3692 20
217 3628 401 3695 Sublatum
420 3653 492 3695 esse
511 3631 637 3713 locum,
658 3631 717 3716 qui
736 3638 854 3717 portat
873 3631 1108 3717 significatum

217 3746 357 3812 Grande
376 3745 482 3829 Iovis,
502 3770 627 3833 nempe
646 3747 704 3812 illo
724 3748 808 3813 Dios
827 3748 940 3835 prisco
960 3771 1018 3813 oro
1039 3757 1196 3831 voratur,

215 3861 433 3950 Principium
453 3863 557 3948 digno
577 3886 677 3948 quem
697 3864 817 3929 dicunt
835 3865 1098 3952 principiorum.

215 3979 264 4043 Aa
284 3978 370 4043 mihi
390 3979 552 4045 caelestes
571 3979 693 4044 merito
714 3981 805 4045 intra
825 3989 876 4046 ost
896 3981 955 4045 illa
975 3982 1123 4066 figuras,

216 4094 363 4173 Quando
383 4119 424 4160 ex
442 4096 506 4161 hac
526 4096 637 4161 omnis
657 4097 768 4184 primo
788 4107 839 4162 est
859 4098 1009 4164 conflata
1027 4099 1154 4184 figura,
1335 4125 1360 4165 ro

150 4215 193 4278 25
217 4214 327 4298 Inque
348 4214 456 4301 ipsam
477 4215 615 4279 tamlom
637 4214 806 4281 duntaxat
825 4217 971 4281 solvitur
990 4215 1116 4295 omnis,

840 4378 1037 4384 .—...,-—.
1055 4378 1060 4383 -
1071 4377 1289 4385 ---————-..
1298 4379 1353 4385 ——

302 4445 363 4497 5111
377 4444 534 4511 proposito.
548 4444 602 4494 hoc
667 4445 949 4509 licrlap.128,26
1013 4446 1043 4493 19
1064 4445 1224 4495 Doltnoaon

353 4559 428 4598 lterum
447 4559 501 4607 opp.
514 4559 554 4595 lat.
567 4557 585 4607 l,
598 4559 618 4596 3.
1173 4559 1198 4598 tt
