3428 5138
544 402 858 484 CONTEMPlni'l‘lONES
879 438 923 481 EX
945 438 1078 484 allanto.

241 599 414 683 Perpetuo
433 593 634 675 abscissum;
649 593 730 678 quia
749 614 820 657 non
840 591 932 658 valet
950 592 1024 680 ipse
1042 593 1191 658 rotunda

240 715 357 799 Usque
377 711 460 778 adeo
480 711 592 799 specie
611 724 748 776 sensum
766 708 910 774 fallente
928 709 1055 792 videri,

240 830 292 896 Ne
312 836 416 916 queat
435 834 624 916 expuncto
644 827 837 892 subiectum
856 825 985 892 findere
1005 849 1130 914 corpus

242 946 417 1030 Quolibet,
438 945 573 1012 occulta
592 941 891 1027 circumundique
910 941 1051 1030 cuspide
1068 941 1216 1029 pollens,
1356 971 1384 1008 ao

197 1071 217 1134 ἴ)
243 1064 407 1142 Quamvis
426 1062 618 1150 implicitus
637 1061 684 1127 sit
703 1060 812 1125 circus
832 1081 974 1146 corpore
989 1059 1027 1124 in
1046 1057 1157 1143 omni,

240 1181 290 1248 Ut
308 1180 423 1246 minus
442 1190 494 1245 est
513 1177 621 1243 nihilo
641 1176 810 1263 implicita
829 1175 941 1242 omnis
960 1175 1089 1261 ubique
1107 1174 1234 1260 figura,

240 1297 308 1361 Hic
326 1296 388 1362 ubi
407 1295 545 1361 finitum
565 1316 689 1380 corpus
704 1293 847 1380 planum
867 1291 1090 1379 spaciumque
1109 1296 1170 1355 est.

243 1412 529 1498 Quandoquidem
548 1411 638 1476 nihil
658 1417 710 1476 est
726 1410 913 1491 sincerum,
929 1431 1008 1495 par,
1026 1407 1151 1491 simile,
1167 1429 1277 1472 unum

240 1529 305 1594 Vel
324 1528 391 1594 sibi
409 1529 465 1595 vel
484 1528 630 1613 reliquo,
651 1533 725 1593 toto
744 1525 799 1592 vol
817 1535 916 1613 parte
934 1524 1100 1612 profecto.
1359 1551 1386 1588 aa

177 1649 219 1714 10
240 1645 366 1732 Aspice
385 1651 531 1711 naturae
550 1643 779 1710 lustrantibus
800 1643 888 1709 atria
907 1640 1078 1728 numquid

242 1760 406 1827 Sensibus
425 1767 584 1826 occurrat
602 1783 730 1846 gyrum
749 1758 816 1824 uda
835 1758 988 1824 exactius
1008 1758 1073 1842 Iri,

241 1877 464 1963 Examenque
483 1876 569 1942 artis
589 1875 681 1961 quod
699 1897 770 1940 non
789 1873 964 1957 formidem
985 1875 1116 1961 etipsa

242 1991 464 2078 Spectronmr
483 2015 593 2078 genus
612 1998 664 2058 est
683 1998 718 2057 at
735 1991 822 2057 lucis
840 1991 956 2078 imago
974 1990 1121 2057 reflexae

240 2107 296 2172 Ad
315 2109 421 2175 solem
441 2109 599 2196 opposito
618 2108 721 2173 nubis
741 2108 783 2174 de
802 2130 956 2195 corpore,
977 2107 1120 2173 mittens

176 2224 217 2287 15
241 2222 411 2289 Obuitum
430 2223 474 2289 ad
492 2232 650 2290 nostrum
670 2223 826 2311 speciem,
848 2245 935 2309 quae
954 2222 1084 2310 decipit
1102 2245 1211 2309 usquo

241 2338 439 2423 Attontum,
459 2365 479 2407 a
498 2347 615 2407 centro
635 2349 769 2427 semper
787 2347 943 2429 spectare
961 2346 1113 2427 putetur.

240 2454 389 2522 Difficile
407 2456 499 2522 haud
518 2456 691 2523 modicum
711 2463 826 2522 tamen
845 2463 897 2522 est
915 2455 1171 2544 comprendere,
1192 2462 1231 2521 ut

241 2570 324 2636 Esse
342 2579 457 2659 potest
477 2580 633 2639 centrum
651 2573 749 2639 varia
768 2574 805 2639 in
821 2573 970 2640 statione
988 2573 1111 2640 locatis
1408 2584 1448 2645 Ρ·
1464 2567 1533 2630 63

241 2688 320 2754 Non
339 2689 453 2756 minus
472 2689 516 2756 ad
535 2690 692 2756 dextram
712 2713 814 2776 quam
832 2692 979 2775 laevam;
999 2713 1148 2777 namque
1166 2691 1314 2778 repostis
1356 2717 1383 2757 aa

175 2805 219 2868 20
242 2804 370 2870 Multos
389 2829 451 2892 per
470 2829 590 2894 passus
609 2807 829 2874 obstantibus
847 2831 920 2875 esse
937 2808 1076 2875 videtur

241 2920 359 3007 ipsum
379 2928 414 2986 et
432 2921 523 2988 idem
541 2923 722 3011 proprium
741 2931 914 3008 centrum,
934 2925 1015 3011 quia
1033 2923 1120 2991 lucis
1139 2925 1255 3010 imago

241 3036 274 3100 A
292 3046 427 3124 spectro
447 3038 491 3103 ad
509 3039 647 3105 oculum
666 3040 854 3127 sphaeralis
873 3040 1014 3126 migrat,
1035 3047 1074 3105 ut
1090 3041 1158 3129 ipsi

242 3151 360 3238 Aeque
379 3177 441 3241 per
459 3161 572 3220 totum
590 3155 786 3221 intendenti
806 3163 857 3221 est
876 3179 1004 3242 aequus
1023 3156 1178 3242 horizon,

244 3269 317 3348 Qua
337 3295 372 3336 se
391 3294 538 3358 cumque
557 3279 659 3356 rotet,
680 3273 810 3360 pariter
829 3272 870 3339 de
889 3273 980 3339 nube
1001 3296 1142 3339 corusca
1360 3302 1387 3342 so

175 3383 218 3450 25
241 3386 413 3454 Emissam
432 3389 579 3476 speciem
598 3396 737 3455 rorante
756 3389 820 3455 sub
839 3397 929 3472 aare,
949 3396 1116 3475 tanquam

242 3505 391 3571 Prodeat
409 3530 427 3571 e
447 3506 577 3594 speculi
595 3497 706 3572 nitido
727 3506 906 3594 splendore
925 3507 1051 3593 figura,

243 3620 494 3708 Quoiscumque
513 3623 550 3687 in
573 3622 686 3709 specie
703 3645 865 3709 praesens
883 3622 981 3688 venit
1000 3622 1103 3688 obvia
1122 3621 1255 3708 cadem,

245 3737 408 3815 Quamvis
428 3762 448 3804 a
467 3744 596 3826 puncto
616 3761 686 3804 non
706 3738 939 3826 conspiciatur
957 3738 1089 3821 codem,

242 3853 295 3920 Ac
312 3861 430 3920 tamen
449 3879 469 3921 a
488 3863 618 3943 puncto
638 3856 666 3920 si
686 3855 918 3942 conspiciatur
937 3855 1055 3921 eodem
1074 3862 1135 3920 est.
1361 3881 1388 3923 u

176 3978 220 4041 30
243 3971 310 4036 Hic
328 3972 388 4037 ubi
407 3972 560 4038 declivus
579 3972 767 4060 spectantis
787 3978 884 4058 terga
903 3972 984 4037 ferit
1003 3972 1069 4056 sol,

244 4085 349 4172 Siqua
367 4086 456 4175 lapis
473 4088 580 4154 ruitet
598 4087 770 4174 requietas
785 4110 915 4175 pronus
934 4088 971 4153 in
990 4087 1115 4173 undae,

251 4257 674 4272 tu-.-.--——.--—-,--
687 4265 730 4271 ——--
740 4267 754 4272 .-
763 4267 855 4274 --

336 4362 630 4429 Oroliquototo,vel
696 4367 724 4416 ll
742 4365 792 4434 Iri]
807 4366 843 4416 iri
905 4368 1108 4432 arctoumque
1171 4366 1387 4428 26sq.jorscsi

244 4441 329 4493 doerit
341 4443 530 4508 inlerpunperc
544 4445 709 4511 splondoro,
723 4447 816 4512 figura
830 4447 1042 4513 Quoiscumquo
