3428 5138
261 337 320 396 192
562 354 701 401 lonssur
720 354 821 400 unum
844 356 1042 421 nummum,
1063 358 1098 403 11.

259 528 316 587 pro
333 528 389 569 sus
403 507 607 589 dispositione
623 510 738 589 aliquid
757 512 816 572 sibi
834 511 939 573 videre
961 512 1114 591 videntur,
1133 532 1214 588 qnae
1239 509 1310 572 aliis
1337 511 1413 572 visi·

262 625 336 687 bilia
356 645 417 687 uon
438 622 518 688 sunt.
542 628 584 688 Et
604 633 749 706 aegrotus
771 628 810 689 de
836 630 930 690 rebus
957 628 1067 706 quibus
1092 628 1172 689 male
1198 627 1329 688 afficitur
1344 647 1408 690 non
1432 654 1438 663 ·

259 742 349 804 aliter
369 752 477 823 posset
493 745 643 824 indicare,
663 746 691 807 si
711 753 906 826 praesentem
932 756 1065 824 nequeat
1086 745 1320 826 dispositionem
1337 765 1406 804 curn

258 879 334 921 sana
351 881 548 942 comparare;
567 863 622 925 sed
648 863 693 924 ita
713 883 751 924 ex
769 865 919 926 communi
940 864 1052 925 iudicio
1072 865 1111 926 de
1132 865 1224 925 rebus
1242 869 1405 941 assereret,

215 975 236 1041 5
260 977 370 1039 sieuta
387 978 551 1041 nativitate
569 980 660 1058 caeci,
689 978 865 1042 nescientes
881 981 963 1058 quod
988 981 1106 1061 dicunt,
1126 980 1165 1043 de
1192 979 1346 1042 coloribus
1366 998 1406 1041 ex

258 1096 482 1158 consuetudine
499 1096 645 1158 audiendi
660 1096 868 1179 disputabunt.

339 1218 355 1265 l
375 1217 462 1277 Haec
473 1216 574 1277 omnia
588 1224 623 1278 ut
633 1217 722 1279 unius
739 1218 889 1280 tenuitate
905 1217 950 1278 fili
964 1218 1149 1295 consistunt,
1166 1216 1255 1278 itaet
1268 1215 1405 1277 ciusdem

258 1335 391 1414 simplici
410 1336 619 1416 amputatione
636 1335 794 1397 tolluntur.
811 1336 897 1397 Alibi
914 1337 1007 1397 latius
1024 1344 1056 1399 et
1076 1336 1216 1416 pluribus
1236 1355 1327 1411 quam
1347 1353 1404 1413 par

260 1471 329 1513 esse
357 1451 502 1514 videatur
530 1452 697 1530 exegimus.
725 1455 770 1513 At
795 1454 840 1514 rei
865 1453 982 1515 veritas
1010 1452 1093 1532 apud
1123 1472 1192 1529 eos,
1220 1451 1272 1529 qui
1299 1452 1404 1512 oculos

196 1574 238 1638 lO
260 1570 372 1631 mentis
389 1571 514 1648 babent,
532 1570 626 1632 altius
644 1569 784 1649 simplice
805 1576 937 1649 aptaque
958 1567 1089 1647 quadam
1106 1565 1292 1627 indicatione
1308 1565 1405 1644 aperi-

260 1697 322 1763 tur,
347 1688 433 1749 cuius
455 1689 502 1748 rei
523 1688 708 1767 principium
735 1709 752 1748 a
779 1688 969 1749 correctione
996 1689 1113 1747 formae
1140 1683 1285 1763 loquendi
1313 1683 1403 1745 desn-

260 1818 372 1886 matur;
393 1808 644 1887 circumspectius
665 1808 746 1869 enim
766 1808 928 1886 loquentes
949 1828 1009 1868 non
1031 1807 1134 1868 dicent
1159 1811 1215 1868 boc
1235 1810 1306 1866 baua
1329 1809 1402 1883 olet,

260 1932 316 1989 boc
333 1933 404 1989 bene
424 1936 519 2006 sapit,
539 1931 611 1990 benc
628 1935 734 2006 sonat,
754 1931 916 2005 prelatorum
938 1929 1026 1987 babet
1048 1932 1213 2004 spiratores,
1231 1923 1287 1986 sed
1308 1923 1403 1985 addet

259 2048 343 2123 anibi,
359 2067 448 2123 uuae,
466 2049 644 2122 aliquando.
664 2043 880 2105 considerabit
893 2044 967 2104 item
981 2044 1094 2103 bonum
1109 2049 1142 2103 et
1155 2040 1282 2118 malum,
1298 2039 1401 2100 iocun-

194 2162 236 2226 li)
259 2162 331 2223 dum
354 2171 385 2224 et
411 2163 588 2240 molestum,
614 2162 773 2243 pulchrum
800 2183 835 2223 ac
857 2170 946 2240 turpe
968 2160 1044 2221 nihil
1070 2178 1139 2220 esse
1166 2157 1346 2238 simpliciter
1369 2167 1402 2218 et

259 2281 414 2359 absolute,
433 2281 489 2341 sed
505 2281 613 2342 borum
634 2280 781 2357 quaedam
801 2280 840 2340 ad
861 2279 963 2341 varias
981 2277 1093 2340 collata
1118 2277 1239 2358 species
1268 2284 1300 2338 et
1322 2276 1398 2337 indi·

259 2396 353 2458 vidua
383 2396 489 2458 eadem
514 2396 622 2458 eodem
648 2418 682 2458 so
713 2396 860 2457 habentia
890 2396 981 2457 modo
1013 2395 1152 2456 subiecta
1185 2393 1355 2455 contrarias
1382 2414 1400 2454 a

260 2516 400 2577 sensibus
416 2515 634 2576 nanciscuntur
651 2515 925 2591 denominationes,
936 2514 1016 2574 sicut
1026 2521 1057 2574 et
1067 2533 1100 2574 re
1118 2533 1192 2574 vera
1208 2513 1400 2594 confltrarios
1423 2529 1465 2592 p.
1479 2516 1565 2585 59,

259 2634 405 2695 inducunt
422 2633 564 2710 affectus,
583 2633 629 2694 sol
647 2641 678 2693 ot
694 2633 766 2694 luna
784 2632 822 2693 ad
839 2640 963 2693 nostros
981 2631 1085 2692 oeulos
1106 2637 1179 2691 sunt
1197 2631 1313 2691 maiora
1331 2630 1400 2692 aliis

193 2751 237 2815 20
259 2753 364 2830 astris,
384 2760 415 2813 et
431 2772 468 2813 ex
486 2752 546 2812 isto
564 2752 631 2812 loco
646 2772 742 2831 parva
759 2758 932 2812 cernuntur.
948 2749 1144 2830 Quapropter
1160 2749 1237 2810 haec
1254 2749 1354 2810 omnia
1369 2758 1400 2811 et

257 2872 318 2932 alia
334 2871 466 2944 nomina,
486 2890 564 2946 quae
581 2869 620 2930 ad
638 2869 714 2930 haec
733 2878 764 2930 et
780 2868 893 2930 similia
910 2888 1024 2947 genera
1045 2867 1243 2943 reducuntur,
1269 2867 1401 2929 relativa

258 2996 329 3050 sunt
354 2987 520 3049 secundum
545 2986 726 3061 dictionem
748 2985 916 3047 secundum
932 3005 997 3045 rem
1014 2992 1115 3045 autem
1131 2985 1230 3043 relata
1247 2984 1401 3045 censenda

258 3115 338 3185 sunt,
356 3126 562 3184 quaecumque
580 3125 636 3185 per
656 3106 763 3166 cariem
784 3105 907 3165 nomina
922 3103 1123 3182 significanda
1139 3102 1274 3164 veniunt.
1292 3102 1401 3178 Neque

259 3247 325 3287 cum
353 3227 457 3306 plures
479 3226 541 3285 sint
567 3245 749 3302 organorum
776 3223 1006 3303 dispositiones,
1037 3220 1098 3281 ista
1126 3218 1306 3299 simpliciter
1322 3221 1401 3282 bene

191 3340 234 3403 25
257 3344 388 3422 habere,
406 3342 460 3402 illa
477 3362 551 3403 vero
569 3341 660 3417 male,
684 3342 813 3401 honesta
834 3342 907 3400 itom
929 3346 961 3400 et
976 3339 1140 3400 inhonesta
1164 3337 1294 3399 dicenda
1316 3345 1401 3417 suut;

258 3464 358 3541 palam
383 3462 462 3523 enim
485 3463 585 3540 coire,
609 3463 709 3523 virilia
733 3463 824 3523 etiam
851 3470 958 3541 aperte
986 3469 1107 3522 arrecta
1134 3459 1248 3521 nudato
1270 3480 1401 3540 corporo

258 3582 454 3643 circumferre
475 3603 536 3642 non
563 3589 611 3642 est
639 3582 779 3640 omnibus
810 3580 996 3640 animantum
1021 3579 1185 3659 speciebus
1216 3600 1314 3658 neque
1341 3579 1400 3641 toti

258 3700 412 3760 hominnm
429 3701 535 3777 generi
552 3699 736 3775 indecorum,
751 3708 839 3777 turpe
852 3707 883 3758 et
898 3696 1104 3775 inhonestum,
1116 3697 1172 3758 sed
1186 3695 1368 3775 quibusdam
1383 3719 1402 3758 a

257 3823 373 3894 natura,
392 3817 572 3893 quibusdam
591 3836 663 3877 vero
681 3816 749 3876 aliis
764 3836 782 3875 a
800 3814 1019 3876 consuetudine
1035 3812 1117 3875 facta
1129 3813 1400 3890 sunthuiusmodi3

192 3931 236 3993 30
259 3941 290 3992 et
307 3934 376 3994 aliis
390 3935 626 4012 exsurgentibus
644 3935 836 4013 opinionibus
851 3946 882 3995 et
894 3934 925 3994 in
943 3933 1197 3995 existimationem
1215 3933 1399 4012 optimarum

260 4049 432 4129 opinionum
450 4052 697 4129 succedentibus,
714 4052 820 4113 eadem
838 4051 919 4132 apud
936 4050 1070 4111 Druidas
1088 4057 1119 4111 et
1132 4051 1242 4129 Magos
1259 4051 1289 4110 in
1302 4049 1400 4111 forma

259 4167 475 4228 sacrificiorum
487 4188 587 4229 coram
601 4171 714 4248 populo
725 4170 861 4248 colenda,
877 4177 969 4246 atque
982 4169 1028 4228 nti
1042 4168 1153 4229 decora
1164 4176 1255 4244 atque
1269 4168 1400 4229 iocunda

353 4398 383 4446 10
399 4396 506 4447 habunt
519 4396 606 4448 altius
671 4400 700 4449 13
710 4399 788 4460 sorec
801 4415 854 4449 acu
867 4397 879 4448 i·
892 4395 1040 4448 successario
1050 4411 1203 4465 corrapparc
1214 4395 1320 4446 addant
