3428 5138
612 430 658 474 ua
679 431 790 476 alimur
813 431 1020 476 nxrsruu'rm.
1329 417 1388 476 143

242 605 347 663 goras3
360 584 428 664 ipsa
440 583 552 664 quippe
565 583 728 646 dissolutio
740 587 890 662 quaedam
901 593 961 663 est,
977 607 1054 664 quae
1068 606 1128 647 uon
1142 584 1202 647 nisi
1217 587 1387 666 composito

241 703 380 780 advenit,
411 700 491 778 quod
516 701 631 761 nullum
658 708 707 762 est
730 702 915 782 substantia,
945 703 1001 764 sed
1028 703 1247 779 adventitium
1274 703 1388 781 alioqui

241 818 445 880 substantiam
463 837 518 895 per
536 818 657 896 singula
674 828 829 879 momenta
845 827 1044 896 mutaremus,
1064 818 1184 897 quando
1207 819 1334 880 effluxae
1357 827 1389 881 et

241 935 373 996 influxus
400 943 544 996 anostra
564 955 693 1014 corpore
720 944 752 998 et
776 936 809 996 in
834 944 974 998 nostrum
1002 957 1114 1016 corpus
1141 944 1191 998 est
1218 938 1387 999 continuus

197 1052 217 1114 ὃ
243 1052 344 1125 Quare
361 1051 460 1112 solum
477 1071 532 1131 per
557 1051 748 1114 individuam
771 1054 890 1113 animae
911 1054 1113 1116 substantiam
1134 1072 1238 1115 sumus
1259 1053 1291 1112 id
1308 1054 1388 1130 quod

242 1188 359 1245 snmus,
379 1189 470 1245 quam
487 1168 602 1229 circum
619 1168 716 1230 veluti
734 1175 872 1233 centrum
889 1171 1042 1249 quoddam
1063 1171 1176 1247 ubique
1204 1179 1303 1231 toturn
1325 1181 1389 1230 ato·

242 1305 361 1345 morum
379 1285 601 1363 exglomeratio
629 1287 664 1345 lit
691 1294 723 1347 et
747 1287 978 1365 agglomeratio.
997 1287 1088 1349 Unde
1116 1307 1172 1368 per
1193 1286 1390 1348 nativitatem

243 1410 274 1462 et
291 1401 477 1462 adulantiam
505 1401 633 1481 spiritus
659 1403 845 1464 architector
864 1404 1047 1483 expanditur
1063 1407 1094 1465 in
1115 1404 1195 1464 hano
1215 1422 1275 1478 qua
1292 1403 1390 1463 cousi·

242 1519 351 1579 stimue
369 1517 492 1590 molem,
512 1526 543 1579 et
560 1539 578 1578 a
593 1518 685 1580 corde
703 1519 896 1598 diffunditur,
914 1520 945 1609 in
960 1520 1040 1598 quod
1055 1519 1179 1580 tandem
1197 1518 1295 1580 veluti
1309 1516 1390 1578 telae

180 1631 220 1693 10
243 1633 333 1695 istius
355 1634 486 1695 stamina
503 1633 690 1714 complicans
710 1654 780 1697 sese
802 1637 942 1716 recipiat,
969 1644 1004 1698 ut
1030 1655 1068 1696 ex
1094 1635 1202 1696 eadem
1223 1654 1279 1714 per
1299 1652 1389 1709 quarn

242 1759 438 1827 processerat
456 1751 537 1812 viam
555 1752 786 1829 intraveratque
803 1760 937 1832 portam,
961 1752 1089 1814 recedat
1111 1751 1231 1813 demum
1254 1757 1286 1810 et
1306 1768 1391 1828 egre·

243 1866 352 1927 diatur.
386 1866 543 1928 Nativitas
577 1888 650 1946 ergo
684 1877 733 1930 est
763 1871 909 1949 expansio
941 1871 1052 1948 centri,
1087 1869 1151 1929 vita
1187 1864 1389 1927 consistentia

243 1983 407 2063 sphaerae,
425 2004 508 2045 mors
526 1986 694 2046 contractio
711 1986 743 2047 in
761 1993 907 2047 centrum.

323 2105 341 2153 a
359 2101 406 2160 29.
430 2101 489 2161 Est
508 2109 539 2161 ot
554 2101 796 2163 immortalitatis
813 2108 938 2163 nostrae
956 2102 1181 2163 validissimum
1198 2120 1236 2161 ex
1252 2118 1288 2160 eo
1306 2096 1389 2176 prin·

180 2219 220 2282 15
244 2215 322 2294 cipio
355 2223 579 2293 argumentum,
609 2217 690 2293 quod
723 2218 881 2280 individua
908 2239 986 2297 quae
1014 2218 1168 2295 aedificat,
1197 2215 1390 2293 agglomerat

244 2333 505 2410 exglomeratque,
526 2332 659 2411 ordinat,
680 2334 830 2414 vivificat,
850 2344 966 2413 movet,
985 2334 1108 2414 intexit,
1131 2342 1162 2395 et
1183 2342 1218 2393 ut
1238 2324 1389 2391 mirabilis

243 2451 348 2529 opifex
376 2460 461 2512 tanto
483 2449 576 2531 'operi
602 2462 651 2514 ost
674 2454 832 2534 praefecta
858 2455 1044 2532 substantia,
1074 2453 1197 2514 minime
1225 2450 1389 2513 deterioris

243 2567 338 2627 debet
369 2587 437 2629 esse
467 2570 650 2631 conditionis
681 2570 836 2648 (accidens
866 2580 974 2651 utpote
1005 2570 1171 2648 quoddam,
1203 2566 1389 2644 entelechia,

246 2685 382 2764 energia,
401 2687 561 2747 harmonia
572 2695 603 2748 et
615 2697 956 2768 contemperamentum,
974 2700 1008 2751 ut
1026 2690 1158 2751 omnium
1176 2685 1389 2767 stupidissima

178 2798 222 2861 ‘20
246 2803 429 2865 definierunt
446 2805 633 2867 Aristoteles
651 2815 683 2868 et
700 2807 849 2888 Galenus)
872 2828 961 2887 quam
984 2829 1112 2887 corpora
1135 2827 1211 2884 quac
1233 2805 1390 2884 agglome-

246 2932 362 3002 rantur,
385 2924 644 3003 exglomerantur,
663 2925 854 3002 ordinantur,
878 2935 1052 3004 moventur,
1078 2935 1109 2988 et
1137 2928 1168 2986 in
1195 2926 1278 2987 illius
1302 2944 1390 2984 usum

247 3042 448 3104 adsumuntur
466 3045 542 3104 haec
559 3063 685 3120 quorum
703 3044 877 3105 substantia
893 3064 966 3105 vere
983 3051 1033 3104 est
1049 3052 1182 3104 aeterna.

327 3177 343 3223 ’.ι
362 3161 409 3218 43.
431 3161 492 3219 Pro
511 3160 685 3222 conditione
703 3182 762 3238 qua
778 3162 878 3222 anima
894 3182 928 3222 ee
945 3162 1045 3238 gessit
1061 3162 1092 3221 iu
1110 3182 1169 3221 uno
1189 3179 1331 3238 corpore,
1352 3157 1390 3218 ad

248 3281 330 3340 aliud
349 3281 536 3342 sortiendum
559 3282 745 3361 dispositiu,
764 3282 862 3359 inquit
883 3284 1091 3362 Pythagoraa,
1115 3280 1302 3358 Saduohimi,
1324 3279 1392 3339 Ori·

182 3402 224 3462 25
248 3421 343 3478 geues
362 3410 393 3462 et
410 3401 462 3462 alii
480 3421 496 3462 e
514 3402 684 3462 Platonicis
705 3402 858 3480 permulti.
877 3403 986 3480 Itaque
1006 3423 1064 3464 non
1087 3410 1136 3463 est
1162 3409 1305 3478 tunquam
1330 3399 1390 3459 lor·

250 3521 326 3580 tulta
343 3520 396 3580 illa
414 3520 532 3580 sodium
549 3521 685 3595 mutatio,
704 3521 784 3579 sicut
801 3521 933 3599 partium
948 3541 985 3581 ex
1002 3522 1113 3598 quibus
1130 3539 1279 3599 corporea
1293 3519 1391 3579 moles

250 3638 486 3716 compaginatur.
507 3636 701 3716 Quapropter
729 3638 806 3698 aliae
828 3659 883 3718 per
905 3658 1033 3718 corpora
1050 3639 1181 3698 humana
1201 3636 1389 3712 discurrunt,

249 3758 327 3818 uliae
345 3759 375 3817 in
394 3758 519 3818 heroum
536 3777 646 3837 corpus
668 3757 881 3837 adsumuntur,
899 3759 978 3820 aliae
1005 3779 1077 3820 voro
1102 3759 1133 3818 in
1160 3758 1314 3819 deteriora
1340 3757 1392 3818 de·

250 3874 418 3936 turbantur.
436 3875 522 3934 Haec
539 3874 584 3933 illi
601 3872 652 3951 qui
670 3884 794 3935 aeterna
812 3875 912 3936 omnia
928 3876 1059 3953 quadam
1079 3875 1272 3938 revolutione
1293 3875 1396 3952 exagi-

183 3990 227 4053 30
250 4001 315 4051 tata
331 3990 507 4065 intelligunt
525 3998 648 4070 praeter
666 4011 764 4052 unum.
