3428 5138
605 457 650 502 nu
671 456 874 503 mvnnrroun
894 456 1016 502 mrum.
1317 441 1377 500 263

232 612 370 672 daturin
387 620 452 674 tres
469 620 588 692 partes,
608 620 640 673 et
657 610 742 673 errius
759 612 882 690 planum
898 611 1053 671 bisecetur
1071 618 1155 671 rectu
1172 610 1236 688 OE,
1256 618 1288 670 et
1304 617 1377 670 tunc

231 729 271 787 ab
288 729 377 788 unius
395 729 493 807 partis
511 728 639 789 termino
657 728 674 788 I
695 727 923 788 circumfluente
951 727 1101 787 habeatur
1125 746 1214 786 arcus
1240 726 1306 803 IK,
1325 725 1376 802 qui

232 844 346 904 certius
364 843 521 906 mediatim
537 853 678 924 sumptus
695 844 880 923 inpartibus
902 844 949 904 Is
972 818 1034 904 G'K
1052 841 1171 903 duobus
1184 841 1304 903 vicibus
1321 860 1378 918 per

231 968 398 1021 extremam
414 961 622 1040 peripheriam
640 961 750 1022 ductus
768 960 894 1022 definiet
913 980 1004 1020 unam
1025 967 1153 1039 purtem.
1173 958 1316 1019 Securius
1332 956 1377 1016 nil

186 1075 208 1138 ὃ
231 1077 330 1137 minus
347 1079 516 1156 operabere
532 1099 587 1157 per
605 1077 791 1156 triangulum
809 1077 1019 1154 aequicrurum
1044 1075 1132 1137 GHP
1149 1074 1258 1136 eodem
1285 1080 1376 1153 pacto

231 1199 430 1265 contrectato.

310 1306 327 1354 l
350 1313 396 1371 19.
417 1311 487 1371 Hoc
504 1329 623 1388 quoque
640 1318 744 1389 puoto,
763 1310 836 1370 data
849 1309 967 1369 ratione
982 1307 1081 1370 diviso
1104 1306 1211 1370 circuli
1231 1313 1373 1368 sextante

230 1424 322 1502 ABG,
338 1434 428 1505 potes
440 1425 514 1487 deta
523 1425 642 1487 ratione
654 1426 806 1503 integrum
824 1425 969 1486 divisisse
981 1424 1135 1502 circulum,
1148 1431 1180 1484 et
1191 1443 1374 1500 consequen·

229 1548 278 1600 ter
292 1561 500 1620 quamcunque
515 1543 712 1623 polygonium
722 1543 904 1604 delineasse.
920 1540 1109 1620 Principium
1123 1541 1374 1620 proximumque

165 1656 208 1719 10
230 1661 305 1720 haec
324 1663 461 1742 operatio
479 1662 723 1740 demonstratur,
738 1668 787 1722 est
803 1660 941 1739 proxime
957 1680 1050 1740 supra
1067 1659 1192 1721 dictum.

675 2064 827 2132 OAPVT
863 2065 927 2130 XI.

514 2297 600 2338 Dutnm
614 2308 691 2338 orcum
705 2301 792 2348 quantu
805 2297 835 2338 eit
849 2299 927 2339 elrcull
942 2309 995 2350 pure
1009 2298 1092 2340 indico.

320 2590 406 2657 Inde
425 2590 503 2655 vide
523 2589 561 2655 in
579 2589 683 2676 plano
704 2596 743 2654 ut
761 2589 881 2655 veniat
900 2611 1036 2675 quoque
1055 2591 1204 2658 circulus
1224 2595 1320 2660 omni

230 2709 283 2774 Ex
301 2715 401 2797 parte
419 2707 611 2795 inspicuus,
632 2706 767 2792 quoties
786 2707 876 2772 ratic
897 2713 948 2772 est
967 2708 1048 2775 data
1067 2709 1148 2794 toti,

165 2831 207 2895 15
229 2825 302 2890 Aut
322 2824 456 2911 quoties
474 2846 536 2912 per
555 2846 591 2889 se
609 2846 651 2888 ex
671 2822 819 2889 internis
838 2823 968 2910 absque
987 2824 1099 2891 solute
1119 2832 1155 2891 et

231 2938 443 3027 Simpliciter
461 2940 567 3005 moles
585 2939 703 3005 veniet
721 2941 922 3026 spectando,
941 2963 1072 3027 suoque

230 3056 406 3121 Momento
425 3063 530 3141 atquc
549 3055 619 3122 suis
639 3062 814 3143 composta
834 3064 885 3122 est
903 3057 1063 3144 partibus
1081 3058 1167 3147 ipse.

229 3173 289 3238 Fit
307 3173 420 3260 primo
440 3173 576 3259 cyclum
596 3172 734 3259 signata
753 3180 851 3259 parte
871 3174 1064 3261 peripsum

230 3289 400 3373 Deducta,
420 3289 523 3354 toties
543 3288 656 3374 quood
675 3289 747 3354 sint
765 3288 913 3374 vestigia
932 3289 1045 3376 prime

163 3409 208 3472 20
230 3406 418 3490 Progressu
436 3404 622 3491 repetendo
641 3426 741 3470 novo.
761 3404 859 3470 Tunc
878 3405 993 3471 sistito
1012 3406 1049 3471 in
1069 3407 1144 3495 ipso

228 3521 377 3606 Limine,
398 3521 440 3586 de
459 3521 556 3587 cuius
576 3520 689 3609 coepit
707 3528 837 3608 puncto
857 3521 907 3587 ire
926 3545 988 3608 per
1007 3523 1125 3589 orbem

229 3639 386 3705 Circinus
405 3638 547 3705 alternis
567 3638 743 3704 revolutus
762 3638 934 3725 passibus3
953 3639 1078 3726 hicque

229 3754 429 3841 Conspicies
448 3755 599 3842 primurn
620 3754 753 3840 quoties
772 3756 952 3841 gyraverit
971 3756 1042 3842 ille,

230 3871 389 3956 Quotque
408 3871 446 3935 in
465 3877 518 3936 tot
536 3871 634 3957 gyris
654 3871 834 3958 complerit
853 3872 1002 3958 denique
1021 3897 1154 3960 passus3

163 3984 206 4051 25
229 3988 320 4053 Dein
338 3992 477 4075 passum
497 4010 659 4054 numerus
679 3989 855 4075 cyclorum
874 3989 1104 4056 distribuatur

229 4103 359 4169 Exacto
377 4126 533 4186 nurnero,
554 4112 592 4169 ut
612 4126 715 4189 quarn
734 4111 868 4191 partem
885 4105 1014 4192 singuli
1034 4129 1152 4173 eorum

229 4218 436 4306 Concipiant
455 4220 544 4302 viso,
564 4219 653 4285 nihil
671 4220 764 4286 ultra
783 4221 977 4287 sollicitere.

229 4334 318 4399 Narn
336 4334 432 4400 velut
451 4335 488 4399 in
508 4343 655 4422 quatuor
674 4337 780 4422 cyclis
798 4360 868 4402 unu
887 4346 939 4404 est
958 4339 1125 4406 duodenis

231 4451 316 4518 Pars
335 4450 471 4519 vicibus
490 4474 704 4540 comprensa,
724 4454 820 4518 velut
838 4477 918 4542 pars
938 4463 1014 4521 acta
1033 4455 1175 4524 tricenis·
