3428 5138
465 428 621 473 suricum
640 428 812 474 nnvsnsvs
831 429 1098 474 uarriauancos.
1313 413 1351 473 75

211 603 284 668 153.
298 603 524 670 Horizontem
535 603 764 669 universalem
774 603 904 669 frustra
913 611 1040 690 putant
1052 628 1160 670 unum
1173 628 1240 670 eun
1249 604 1351 683 idem·
1373 616 1403 681 9
1423 603 1464 665 1r

210 751 277 813 que
311 729 477 794 circulum
511 752 584 794 esse
616 752 725 816 posse.
756 728 793 793 Si
813 729 941 815 quippe
968 729 1111 795 horizon
1140 737 1206 814 est,
1231 731 1260 795 is
1280 731 1354 815 qui-

210 853 287 918 dem
319 855 355 920 in
380 854 560 920 indefinita
595 854 744 938 quadam
779 854 987 941 superficiali
1025 855 1238 920 dimensione
1276 878 1352 922 oon-

211 979 316 1063 sistit,
337 1003 424 1065 (lirae
452 979 641 1046 conoidalis
670 985 721 1044 eat
748 980 880 1066 figurae
903 987 937 1044 et
961 979 1225 1066 cuiusangulus
1245 980 1353 1047 estin

166 1099 187 1163 5
211 1103 411 1190 aspicientis
431 1105 543 1188 oeul03
575 1104 672 1169 cuius
699 1104 870 1169 terminus
898 1111 949 1169 est
977 1105 1160 1192 multiplex
1191 1106 1352 1188 circulusr,

212 1231 353 1315 [utpote]
381 1236 486 1316 prout
513 1229 696 1315 multiplex
714 1236 766 1294 est
785 1229 962 1295 stellarum
991 1230 1154 1296 circuitus
1182 1253 1353 1317 apparens

212 1354 399 1420 orientium
422 1361 456 1419 et
480 1354 712 1420 occidentium
737 1354 828 1419 circa
852 1355 1019 1420 tellurem.
1050 1356 1121 1420 154.
1151 1356 1255 1422 Hunc
1282 1377 1354 1421 non

212 1485 357 1566 possunt
379 1480 528 1566 probare
551 1480 710 1564 aequales
730 1479 924 1564 relinquere
943 1480 1065 1545 circuli
1084 1503 1188 1567 supra
1207 1488 1241 1546 et
1260 1478 1355 1546 infra

212 1604 502 1691 hemisphaerium
531 1604 717 1691 portiones.
750 1604 822 1668 155.
854 1604 964 1681 Quam
993 1604 1110 1691 inepte
1140 1604 1354 1671 definiuntur

148 1722 190 1785 10
212 1729 337 1816 tropici
357 1729 478 1793 circuli
496 1729 540 1794 ab
560 1729 602 1794 iis
622 1728 681 1814 qui
705 1751 761 1795 eos
785 1729 885 1795 aiunt
912 1729 1057 1795 circulos
1082 1730 1245 1796 minimos
1270 1753 1355 1814 quos

212 1855 262 1920 sol
282 1854 468 1938 describat,
489 1876 566 1919 cum
590 1876 661 1919 non
680 1853 849 1920 minorem
869 1854 1048 1933 circulum,
1074 1854 1133 1920 aed
1156 1877 1275 1920 areum
1294 1855 1356 1920 mi-

212 2003 331 2045 norem
359 1978 428 2043 111θί
456 1979 512 2044 vel
540 1979 651 2043 noctis
684 1979 733 2043 ibi
759 1978 954 2045 habeamus.
984 1980 1042 2044 Au
1069 1979 1151 2045 solis
1179 1979 1206 2044 ii
1234 1979 1355 2045 circuli

213 2104 362 2170 minores
386 2110 468 2168 sunt
491 2103 758 2188 aequinoctiali?
779 2104 852 2169 156.
872 2104 920 2169 Et
942 2104 1003 2170 ubi
1026 2111 1108 2169 sunt
1133 2104 1170 2168 hi
1199 2105 1276 2170 aliis
1299 2105 1355 2169 vel

213 2228 273 2293 alii
297 2228 375 2294 aliis
398 2228 570 2315 paralleli,
590 2235 832 2314 praeterquam
852 2229 889 2292 in
909 2229 952 2294 iia
976 2228 1162 2315 organicis,
1185 2252 1268 2315 quas
1288 2229 1355 2295 sihi

148 2359 189 2423 15
213 2356 352 2440 fingunt
371 2353 497 2419 solidas
521 2359 555 2417 et
585 2352 797 2419 armillares?
829 2355 902 2418 157.
926 2355 1065 2420 Polares
1090 2353 1211 2420 circuli
1238 2377 1356 2420 secun-

213 2480 294 2544 dum
314 2479 364 2544 rei
389 2478 569 2543 veritatem
593 2500 704 2562 neque
728 2479 874 2544 maiores
898 2501 1008 2563 neque
1032 2479 1183 2545 minores
1206 2479 1267 2544 alii
1290 2479 1355 2545 ulli

213 2613 308 2687 sunt,
338 2604 364 2668 ii
387 2602 549 2668 videlicet
582 2603 641 2688 qui
669 2603 882 2669 definiuntur
911 2611 1008 2670 motu
1035 2606 1195 2691 polorum
1224 2603 1355 2670 zodiaci

213 2729 304 2794 eirca
323 2728 443 2794 mundi
456 2729 566 2815 polos,
581 2729 640 2794 sed
657 2729 797 2794 omuino
814 2728 1013 2815 imaginarii
1030 2738 1112 2796 sunt
1128 2738 1232 2816 utque
1248 2729 1355 2817 phan-

213 2853 338 2919 tastici.
357 2853 485 2918 Stellae
501 2854 593 2918 enim
608 2877 720 2939 neque
736 2860 832 2920 motu
848 2854 1058 2920 firmamenti
1079 2855 1226 2923 alicuius
1244 2878 1355 2941 neque

145 2986 191 3049 ‘20
212 2977 353 3067 proprio
373 2979 459 3043 tales
479 2979 631 3065 recipere
649 2987 794 3065 possunt
810 2979 1055 3064 revolutiones,
1073 2979 1131 3044 sed
1147 2979 1355 3067 vertiginem

212 3105 308 3170 illam
328 3127 399 3170 esse
419 3110 554 3169 constat
573 3103 611 3168 in
639 3102 898 3190 indisciplinato
922 3104 1020 3190 vulgi
1039 3127 1139 3170 sensu
1159 3111 1194 3170 et
1212 3104 1357 3170 halluci-

212 3238 294 3296 nato
314 3237 590 3296 astronomorum
611 3229 732 3315 capite.
754 3230 828 3294 158.
848 3229 924 3294 Poli
944 3229 981 3295 iu
1000 3230 1162 3296 universo
1182 3252 1253 3296 non
1272 3237 1355 3296 sunt

213 3355 454 3423 rationabilius
474 3355 533 3419 illa
552 3354 619 3420 duo
638 3363 781 3442 puncta,
802 3377 905 3440 quam
929 3355 996 3420 <luo
1021 3354 1195 3440 quaelibet
1224 3355 1307 3439 alia;
1327 3354 1353 3420 ii

213 3505 294 3548 vero
318 3481 385 3548 duo
411 3480 470 3566 qui
491 3480 527 3544 in
546 3503 615 3545 uno
635 3480 781 3545 instanti
801 3479 806 3566 Ι
828 3479 1005 3566 pertinent
1033 3478 1077 3544 ad
1106 3480 1279 3565 tellurem,
1299 3502 1356 3545 ne·
1379 3487 1470 3567 q1v

146 3613 190 3676 25
213 3615 343 3694 queunt
362 3615 453 3673 certo
474 3605 511 3670 in
527 3605 595 3671 alio
611 3605 793 3692 pertinere.
812 3605 884 3669 159.
905 3604 1004 3682 Quod
1023 3604 1188 3690 sphaerae
1207 3612 1356 3670 contem·

215 3734 403 3821 plationem
422 3731 634 3798 concludunt
653 3754 729 3796 cum
754 3729 913 3795 miranda
933 3729 993 3795 illa
1012 3730 1144 3817 eclipsi,
1164 3730 1228 3796 hoc
1247 3752 1356 3796 unuin

215 3882 284 3924 non
303 3857 449 3923 absurde
469 3856 621 3939 iaciunt,
642 3864 680 3920 ut
700 3863 792 3921 certo
812 3856 931 3921 riulitu
950 3855 1005 3919 vel
1025 3856 1159 3943 crepitu
1179 3855 1357 3921 cuiusdam

213 3982 436 4069 energumeni
459 3981 583 4047 cuculli
608 3986 642 4045 et
664 3979 889 4046 vociferantis
908 3977 998 4044 asini
1018 3980 1244 4067 (Areopagita
1263 3979 1356 4046 enim

212 4107 266 4173 vir
285 4107 343 4171 ille
363 4117 454 4172 certe
479 4130 550 4171 esse
569 4129 640 4171 non
659 4105 785 4192 potuit)
810 4105 879 4170 talc
899 4128 984 4192 opus
1003 4104 1236 4189 clauderetur,
1263 4107 1357 4191 quod

216 4284 327 4291 -—·
334 4285 365 4291 .-
388 4285 432 4290 ...--
443 4284 520 4290 —..-—-
532 4285 541 4289 .
548 4283 657 4290 0—-
663 4281 1350 4290 --.-—---—-—..--·-—--——-—--—-—-—-—-

212 4392 411 4457 leouoydalis
475 4391 728 4460 ‘lliomispoerium
792 4391 822 4441 15
838 4403 948 4440 ariniero
961 4389 1008 4439 aa?
1075 4388 1232 4455 moclypsi
