3428 5138
795 406 934 455 lonnlm
955 408 1056 455 BRVNI

727 713 1010 792 MEMBRVM
1058 716 1126 792 IV.

649 933 797 988 OPERA
826 932 960 988 01ch
989 932 1207 988 MINIMVM.

853 1214 945 1282 Orus
967 1215 994 1280 I.

441 1440 621 1521 Quomodo
633 1440 817 1507 minimum
826 1439 1104 1529 apprehendam?
1116 1441 1292 1506 Punctum
1304 1439 1495 1528 apprehen-

306 1570 327 1633 5
350 1570 471 1637 dendo.
491 1571 522 1635 2.
542 1568 723 1648 Quomodo
738 1574 909 1656 punctum
933 1567 1209 1656 apprehendam?
1229 1567 1417 1635 Minimum
1435 1591 1496 1658 ap·

349 1696 593 1783 prehendenda
611 1695 788 1762 circulum.
803 1697 833 1760 3.
846 1693 1027 1773 Quomodo
1046 1701 1217 1782 punctum
1234 1694 1295 1780 qui
1309 1701 1363 1761 est
1377 1696 1496 1762 termi-

349 1844 416 1889 nus
436 1844 456 1887 a
474 1826 606 1910 puncto
624 1820 716 1909 quod
734 1826 788 1887 est
806 1818 991 1887 minimum
1010 1818 1249 1907 distinguam?
1270 1820 1324 1885 Ex
1341 1820 1495 1887 dictione

349 1948 489 2036 quidem
517 1947 560 2032 (si
589 1954 624 2013 et
651 1948 688 2014 id
715 1948 856 2036 placet),
885 1945 1039 2034 primum
1067 1946 1273 2030 masculine,
1302 1946 1493 2014 secundum

347 2074 554 2141 neutraliter
581 2073 773 2163 proferena;
808 2094 850 2139 ex
877 2095 914 2138 re
943 2092 1025 2138 vero
1058 2071 1103 2138 ad
1139 2071 1277 2137 minimi
1319 2071 1493 2140 sensibilis

284 2207 326 2272 10
349 2206 509 2267 centrum
532 2199 730 2267 collineans.
749 2201 781 2265 4.
798 2197 977 2278 Quomodo
995 2220 1060 2286 pro
1078 2197 1173 2264 virili
1192 2197 1406 2287 percipietur
1429 2197 1492 2264 mi-

347 2325 463 2394 nimus
486 2325 545 2391 ille
568 2325 738 2392 circulus?
763 2324 802 2391 Si
825 2325 869 2392 ab
902 2324 1112 2412 angulorum
1131 2328 1167 2389 et
1181 2329 1186 2412 Ι
1199 2323 1355 2412 partium
1388 2345 1491 2390 sensu
1516 2329 1602 2392 01⁹

348 2451 532 2519 minimum
549 2453 724 2520 obiectum
747 2450 944 2534 abstrahes;
968 2456 1067 2516 extra
1091 2449 1259 2516 circulum
1278 2448 1372 2515 enim
1391 2447 1493 2515 mini·

348 2601 443 2644 mum
467 2580 664 2646 sensibilem
696 2601 768 2650 non
801 2576 1050 2666 apprehendes,
1069 2575 1153 2662 quia
1183 2581 1281 2642 extra
1310 2575 1490 2666 propriam

348 2707 497 2794 speciem
528 2730 589 2774 seu
621 2705 888 2773 similitudinem
914 2704 1004 2771 nihil
1036 2703 1320 2792 apprehenditur.
1345 2703 1376 2767 5.
1401 2702 1492 2782 Quc-

284 2840 324 2903 lo
347 2833 448 2900 modo
473 2833 657 2900 minimum
680 2832 897 2919 triangulum
921 2829 1138 2918 intelligam?
1163 2830 1217 2895 Ex
1240 2828 1353 2917 specie
1382 2828 1490 2896 trium

347 2983 383 3025 se
400 2959 679 3047 contingentium
704 2959 923 3026 circulorum.
954 2959 984 3023 6.
1004 2956 1185 3036 Quomodo
1203 2980 1343 3024 sensum
1362 2955 1491 3044 Pytha·

347 3108 453 3172 gorae
475 3086 649 3173 attingam
673 3085 844 3153 tetradem
876 3085 1076 3152 adorantis?
1105 3085 1150 3152 In
1182 3085 1295 3174 specie
1330 3084 1490 3152 monadis

348 3213 386 3278 in
409 3212 559 3297 diadem,
592 3212 704 3279 diadis
727 3212 765 3278 in
797 3212 958 3298 triadem,
983 3210 1106 3278 triadis
1129 3212 1167 3277 in
1191 3210 1362 3278 tetradem
1390 3217 1426 3277 et
1443 3217 1492 3279 te·

349 3339 458 3405 tradis
487 3340 526 3407 in
554 3341 690 3407 nullum
714 3341 937 3407 transeuntis.
962 3339 1015 3405 Ex
1038 3338 1267 3406 similitudine
1286 3339 1412 3428 puncti
1434 3337 1492 3406 ha-

281 3470 326 3532 20
349 3468 463 3534 bentis
487 3468 657 3534 rationem
681 3468 843 3553 unitatis,
867 3469 978 3536 lineae
1001 3492 1090 3557 quae
1109 3491 1171 3557 per
1190 3467 1379 3535 transitum
1398 3467 1491 3535 inter

348 3598 417 3664 duo
441 3598 541 3684 signa
564 3597 789 3684 intelligitur,
808 3598 1009 3688 superficiei·
1027 3621 1115 3685 quae
1134 3621 1176 3665 ex
1195 3598 1348 3665 ternario
1369 3605 1434 3682 est,
1456 3605 1492 3665 et

348 3727 453 3813 primi
472 3724 574 3792 solidi
591 3724 683 3810 quod
702 3747 744 3789 ex
760 3726 997 3812 quaternario,
1024 3725 1097 3793 sive
1119 3726 1338 3812 pyramidem
1357 3733 1490 3814 spectes

348 3854 420 3920 siva
444 3853 634 3941 sphaeram.
659 3852 758 3920 Adde
776 3853 1032 3920 arithmeticam
1051 3853 1237 3939 rationem,
1259 3853 1341 3940 quia
1358 3855 1376 3918 1
1394 3854 1490 3920 234

347 3983 529 4050 denarium
545 3983 734 4070 complent,
748 3982 839 4068 quod
850 3988 1029 4070 sumptum
1039 3988 1074 4048 et
1089 3989 1307 4070 resumptum
1323 4005 1489 4050 numerus

281 4116 324 4177 ίΖῐ)
349 4119 400 4179 est
429 4112 551 4178 omnis.
580 4113 626 4177 Et
655 4111 736 4197 quia
760 4111 810 4176 ibi
833 4111 987 4198 primum
1015 4118 1050 4176 ct
1082 4110 1246 4178 ultimum
1278 4113 1490 4203 simplicissi-

348 4288 412 4295 .--
738 4289 834 4295 ——-..-
859 4290 870 4295 -
895 4290 908 4294 ⁴-
1127 4289 1278 4296 ψ,-

440 4379 489 4429 4.5
510 4378 693 4445 apprehendo
758 4378 788 4426 12
805 4377 976 4427 abstrahens
1040 4376 1072 4427 19
1085 4375 1244 4427 traseuntis
1305 4378 1486 4444 22pyradam
