3428 5138
364 433 402 493 66
805 441 945 488 rounam
966 439 1069 487 aavrr

364 622 520 708 residuo?
545 620 651 703 Illud,
671 620 727 686 vel
746 619 789 703 (si
812 618 916 684 nimis
939 618 1124 701 modicum)
1150 613 1440 704 complementum
1458 637 1509 681 re·

364 748 498 832 liquum
517 746 620 812 unius
639 745 762 833 partia,
783 743 892 810 sexies
912 744 1070 831 capiatur
1086 764 1189 830 super
1204 740 1323 808 eodem
1339 742 1508 807 sextantis

364 896 459 956 arcu,
479 879 513 938 et
536 873 587 937 ita
607 894 725 937 rursus
744 869 875 958 inspice
899 876 983 956 quot
1002 869 1087 935 alias
1106 868 1250 956 impleat
1265 873 1391 956 partes.
1406 866 1506 944 Quod

363 999 393 1064 si
412 1019 482 1064 non
502 995 645 1084 impleat
663 1018 769 1061 unam
788 1001 936 1082 partem,
958 998 963 1082 Ι
983 1001 1068 1061 tunc
1081 993 1214 1082 primae
1229 993 1341 1081 partis
1355 993 1506 1060 denomi-
1528 991 1619 1055 132

319 1122 340 1186 5
364 1121 460 1189 natio
484 1129 536 1188 est
559 1121 715 1210 septima.
738 1119 861 1187 Divisc
885 1120 995 1206 igitur
1018 1143 1100 1187 arcu
1124 1119 1292 1186 sextantis
1315 1119 1353 1185 in
1376 1125 1507 1207 septem

362 1253 491 1334 partae,
511 1253 680 1335 perpetuo
696 1245 871 1312 residuum
890 1268 1026 1334 appone
1041 1245 1135 1332 parti
1151 1244 1213 1312 uni
1227 1250 1388 1332 acceptae
1401 1265 1508 1333 prope

362 1379 532 1456 centrum,
545 1373 589 1438 ad
604 1371 793 1439 noscendas
805 1379 921 1460 partes
937 1372 1090 1460 partium
1107 1377 1206 1458 (quas
1218 1371 1354 1438 minuta
1367 1377 1506 1454 vocant)

363 1496 508 1583 primae,
534 1497 713 1581 secundas,
738 1496 872 1580 tertiae,
899 1504 933 1563 ct
957 1497 1118 1585 deinceps
1141 1496 1242 1575 alias,
1266 1517 1351 1582 quas
1375 1495 1506 1563 edicto

363 1621 557 1709 septenario
570 1629 733 1710 perpetuo
746 1622 996 1689 denominabis.
1008 1622 1128 1708 Neque
1140 1621 1355 1689 obliviscaris
1365 1621 1506 1688 interim

299 1754 340 1818 10
363 1769 545 1812 numerum
568 1747 749 1813 inventum
767 1770 829 1834 per
847 1748 1021 1814 senarium
1044 1746 1241 1813 deducendo
1260 1746 1506 1835 multiplicare3

363 1871 508 1938 totidem
528 1872 619 1938 enim
639 1880 754 1960 partes
773 1873 916 1959 reliquis
936 1874 1088 1960 quinqua
1112 1872 1329 1940 sextantibus
1348 1868 1508 1940 similiter

363 1996 599 2083 pertinebunt.

712 2232 995 2310 MEMBRVM
1039 2232 1152 2308 XXI.

694 2438 748 2494 DE
775 2439 958 2496 COMMVNI
985 2441 1182 2497 MENSVRA.

788 2653 982 2722 Aamcvnvs
1007 2658 1080 2722 125.

453 2833 576 2900 Stante
595 2835 686 2920 quod
705 2836 889 2902 minimum
912 2837 949 2903 in
972 2859 1180 2926 unoquoque
1197 2861 1324 2926 genere
1347 2861 1508 2906 mensura

365 2969 427 3046 est,
446 2970 578 3030 certum
594 2971 646 3029 est
663 2965 754 3049 quod
768 2964 844 3033 ideo
856 2971 1007 3031 ametrae
1020 2971 1102 3032 sunt
1115 2965 1277 3053 vulgares
1295 2974 1507 3053 geometrae,

365 3092 457 3176 quod
475 3092 619 3157 minimo
640 3099 767 3158 carent.
788 3093 905 3159 Posito
923 3094 1033 3180 igitur
1051 3116 1072 3158 a
1087 3092 1188 3159 nobis
1202 3093 1363 3174 minimo,
1382 3094 1509 3160 eiusce·

365 3221 459 3287 modi
477 3221 686 3307 geometriae
704 3220 931 3287 fundamenta
953 3228 988 3287 et
1017 3219 1212 3287 aedificium
1228 3221 1366 3288 sublata
1382 3221 1508 3288 intelli·

299 3353 506 3433 reguntur.
530 3348 649 3413 Iacent
672 3346 848 3435 praeclara
872 3347 914 3413 de
938 3349 1156 3435 asymmetris
1184 3354 1220 3414 ct
1242 3348 1352 3436 alogia
1376 3349 1508 3436 magni-

365 3471 546 3538 tudinibus
569 3471 814 3557 theclremata;
842 3495 913 3540 non
937 3481 989 3539 cst
1012 3476 1105 3541 enim
1127 3473 1218 3543 ratio
1242 3497 1303 3542 cur
1326 3475 1507 3542 individua
1531 3472 1622 3537 13'.

366 3600 457 3668 linea
476 3602 566 3668 hanc
584 3602 723 3688 quidem
740 3604 916 3687 metiatur,
929 3604 1023 3670 illam
1045 3628 1126 3673 vero
1142 3628 1223 3672 non.
1234 3604 1506 3673 Innumerabilia

367 3752 409 3795 ex
427 3730 492 3796 hac
510 3730 659 3796 veritate
679 3731 856 3798 commoda
876 3740 1146 3819 consequuntur,
1166 3741 1206 3799 ut
1224 3756 1278 3799 res
1302 3734 1378 3821 ipsa
1401 3732 1509 3798 mani-

367 3857 528 3942 festabit,
549 3864 623 3923 tum
643 3858 885 3924 mathematice
909 3859 1172 3947 contemplanti,
1196 3868 1272 3926 tum
1295 3860 1400 3926 etiam
1424 3859 1510 3947 phy·

301 3985 344 4047 ⁶25
368 3985 444 4049 sice.
467 3985 540 4049 126.
560 3985 696 4071 Duplex
716 3993 767 4050 cst
786 4008 946 4050 mensura
965 3987 1169 4070 communis,
1190 3992 1225 4052 et
1247 3985 1410 4052 videlicet
1428 4009 1508 4073 pam

369 4116 572 4202 communia,
593 4141 679 4203 quae
703 4130 785 4186 nota
809 4121 943 4186 ratione
962 4120 1160 4188 continetur
1182 4121 1225 4188 ab
1249 4126 1397 4206 utroque
1420 4128 1507 4203 toto;

666 4296 755 4301 ...-—.
767 4297 806 4303 -.
815 4295 1501 4306 ινφ-Μ’*

464 4405 491 4454 Ιῖ
510 4403 647 4475 ametrae]
663 4407 697 4468 cf.
709 4422 737 4471 p.
756 4408 801 4466 70,
818 4409 833 4458 7
