3428 5138
348 399 406 458 222
649 416 788 463 munitur
809 417 912 463 nuvur
931 416 977 463 22
996 418 1134 481 22222,
1156 419 1191 463 11.

349 568 387 634 Si
406 569 528 637 faeiem
546 579 692 660 speeteS,
709 596 779 640 non
799 580 914 639 autem
933 596 1076 661 corpora
1096 597 1224 658 rerum;

347 686 394 751 Ni
412 688 483 753 fors
503 687 692 776 improprie
710 696 745 755 et
764 689 904 775 oblique
920 711 1003 755 voee
1020 689 1161 775 loquere

348 801 435 868 (ium
455 804 573 890 vulg0,
594 805 731 900 quande
748 806 893 871 extremi
911 829 992 892 pars
1010 828 1080 872 222
1098 805 1239 872 videtur

347 918 453 985 Istius
470 928 575 1007 atque
593 922 667 987 eius
690 922 793 988 finem
813 945 1015 989 concurrere
1034 923 1072 988 in
1091 945 1212 1008 unum,
1516 943 1558 1005 p.
1573 927 1649 991 85

303 1038 324 1100 b
348 1033 415 1110 Qui
434 1058 545 1121 neque
562 1059 643 1122 pare
661 1036 764 1102 huius
783 1037 885 1102 faciei
904 1043 956 1104 est
975 1060 1039 1104 222
1057 1037 1160 1104 faciei

348 1148 462 1234 Illius,
481 1150 580 1236 atqui
596 1150 769 1216 interiecti
789 1150 959 1217 duntaxat
977 1151 1091 1219 inanis

350 1264 407 1330 Sic
424 1273 552 1349 atoma,
572 1274 611 1332 ut
626 1273 761 1333 atomus
780 1273 850 1332 2222
865 1268 1033 1334 terminus
1048 1268 1152 1335 huius
1170 1275 1206 1334 et
1224 1269 1308 1335 eius.
1466 1296 1494 1337 2ο

430 1514 577 1571 Atomum
599 1511 638 1570 ab
657 1519 771 1588 atomo,
791 1530 962 1589 corpusque
980 1529 1067 1570 omne
1085 1531 1103 1570 2
1125 1530 1252 1590 corpore
1274 1519 1418 1572 2222222
1437 1522 1492 1574 222

349 1637 445 1708 parte,
465 1628 520 1689 sed
537 1634 590 1688 eut
609 1629 705 1690 totius
722 1637 776 1689 eut
793 1628 890 1708 partis
912 1628 1041 1688 termino
1060 1628 1248 1705 contingitur
1271 1649 1326 1690 seu
1344 1636 1493 1694 extremo.

286 1750 327 1813 10
350 1747 418 1807 Non
445 1747 515 1824 ipse
541 1746 664 1823 inquam
691 1746 897 1823 attinguntur,
925 1745 980 1805 sed
1007 1745 1144 1822 ipsorum
1172 1743 1287 1821 aliquid
1320 1745 1493 1824 attingitur.

349 1864 455 1923 Habet
472 1882 544 1924 vero
563 1872 595 1924 et
611 1869 780 1924 extremum
798 1882 883 1942 suae,
905 1863 985 1924 sieut
1006 1870 1038 1923 et
1058 1882 1168 1941 corpus
1190 1862 1302 1940 ipsum,
1321 1871 1442 1942 parter,
1463 1872 1495 1924 et

350 1979 504 2040 minimum
527 1998 639 2059 corpus
660 1981 755 2041 habet
776 1980 931 2040 minimum
951 1979 1073 2040 termini
1100 1987 1235 2059 partem,
1256 2000 1316 2056 que
1337 1979 1493 2041 minimum

350 2097 479 2156 alterum
497 2096 639 2173 attinget.
657 2096 764 2172 Neque
782 2096 895 2156 maiore
909 2115 1008 2172 neque
1026 2102 1130 2175 potest
1147 2095 1263 2157 minore
1280 2096 1404 2174 ettingi3
1423 2097 1495 2174 quie

350 2212 490 2273 terminis
508 2212 618 2289 quibus
634 2212 670 2272 fit
684 2219 843 2273 222222222
856 2213 1006 2291 tangibile
1020 2220 1112 2289 etque
1125 2220 1256 2291 tangens
1269 2222 1492 2291 exaequantur,

286 2328 326 2391 12
350 2336 382 2389 22
399 2329 539 2405 quoniam
557 2329 672 2391 minore
690 2329 863 2407 attingente
881 2328 1063 2406 contingens
1078 2328 1175 2388 maius
1189 2328 1310 2390 ratione
1326 2328 1437 2392 saltem
1452 2328 1495 2389 di·

351 2445 474 2506 visibile
496 2445 727 2523 penetrebileve
746 2453 803 2506 222.

449 2563 466 2611 t
487 2561 740 2622 Inalterebilibus
759 2581 832 2639 ergo
851 2559 1195 2641 impenetrabilibusque
1214 2562 1418 2625 existentibus
1432 2570 1495 2624 222-

350 2676 485 2738 misnen
503 2678 649 2753 estquod
667 2696 740 2738 vere
758 2677 941 2757 proprieque
963 2677 1113 2738 miseibile
1131 2677 1285 2757 possimus
1302 2679 1494 2758 intelligere3

350 2802 400 2855 222
420 2814 580 2872 corporum
598 2795 762 2874 quaedam,
786 2795 857 2854 dum
874 2794 1040 2854 seeundum
1058 2794 1235 2856 subtiliores
1252 2802 1357 2875 partes
1375 2816 1495 2859 222222-

283 2903 328 2969 20
350 2916 476 2988 vantur,
494 2910 525 2968 iu
543 2910 666 2970 tertiam
683 2909 828 2971 videntur
846 2909 997 2987 quendam
1015 2911 1149 2991 speeiem
1173 2912 1315 2974 transire.
1335 2911 1396 2974 Sed
1414 2912 1492 2975 veri·

352 3032 400 3086 tes
417 3026 478 3086 ista
496 3033 583 3087 extra
597 3046 721 3088 sensum
738 3047 799 3087 222
817 3026 961 3087 excurrit.

810 3468 963 3537 OAPV'P
996 3469 1042 3536 X.

473 3689 568 3728 'Paetum
580 3698 630 3728 2222
641 3686 666 3728 in
678 3686 784 3737 2221222,
795 3690 818 3727 et
830 3687 984 3728 differentiam
997 3698 1046 3728 2222
1059 3688 1119 3729 inter
1131 3687 1191 3736 quod
1202 3690 1226 3728 et
1236 3697 1281 3737 quo
1292 3687 1374 3737 222222.

440 3941 483 4006 Ι2
499 3939 643 4008 minimo
660 3949 774 4008 taetus
794 3965 865 4009 non
884 3964 954 4008 222
974 3948 1065 4008 sorte
1082 3941 1252 4031 probatur

285 4050 328 4114 25
354 4057 522 4143 2222222,
543 4081 603 4124 222
622 4059 668 4124 sit
687 4059 784 4146 plani
803 4082 863 4125 seu
879 4060 924 4126 sit
944 4059 1046 4126 solidi
1064 4081 1159 4148 pars;

354 4176 443 4242 Num
459 4183 609 4262 punctus
628 4182 795 4263 punctum
814 4177 1006 4264 attingens,
1027 4184 1230 4262 atomusque
1250 4182 1404 4241 atomum
1424 4176 1478 4260 fit,

355 4294 441 4359 Cum
461 4294 528 4359 duo
548 4318 583 4360 se
603 4295 783 4381 attingunt
802 4318 864 4382 per
883 4318 928 4362 22.
946 4295 1013 4361 Sed
1029 4294 1121 4360 linea
1137 4301 1268 4382 puncto

353 4409 432 4476 Non
449 4432 602 4496 uuquam
621 4433 683 4497 per
702 4433 737 4476 se
754 4411 912 4498 attingit,
930 4413 960 4479 si
980 4411 1117 4498 quando
1136 4432 1198 4499 per
1216 4410 1330 4498 ipsum
1483 4438 1496 4476 2
