3428 5138
385 411 444 469 ‘296
673 426 812 470 ronnaru
834 425 935 471 nevar
956 427 1001 470 nn
1021 426 1156 488 murno,
1178 429 1221 475 lu.

382 580 425 646 in
444 581 573 681 parteis
590 579 763 666 geminas;
785 587 993 668 quapropter
1012 589 1046 646 et
1065 604 1174 668 aequa
1193 583 1326 649 duabus

384 697 489 762 Terni
507 697 591 762 haec
611 698 725 784 cuspis
745 698 826 783 erit,
847 721 951 784 quam
970 697 1138 783 Bacchus,
1158 698 1298 786 Apollo,
1319 701 1434 766 Diana

384 813 543 902 Signant.
563 814 736 881 Hermetis
755 814 855 881 dccet
873 814 937 880 hoc
956 820 991 881 et
1010 837 1128 881 sensus
1146 814 1331 904 Amyntae.
1497 845 1525 884 u

872 1102 1035 1146 uramus.
1535 1087 1682 1162 p.155

336 1309 357 1374 5
381 1308 522 1374 Talibus
541 1313 580 1371 ut
598 1298 777 1391 triquetris
796 1306 940 1373 Veneris
959 1306 1124 1372 distincta
1144 1307 1255 1393 figura

381 1424 497 1509 Atque
515 1422 844 1511 paralle10grammis
864 1429 1038 1510 comperta
1058 1423 1195 1489 docebit

383 1538 564 1605 Subtensis
582 1538 726 1626 paribus
746 1539 919 1626 cyclorum
938 1539 1096 1626 partibus
1115 1562 1224 1625 usque

382 1654 628 1740 Quodcumque
646 1654 690 1719 ad
709 1676 873 1739 magnum
892 1654 1036 1720 minimo
1055 1678 1075 1719 a
1095 1677 1310 1740 quocumque
1329 1654 1467 1719 subesse

381 1772 552 1858 Perpetuo
571 1772 730 1856 aequaies
749 1771 913 1856 cuiusque
932 1771 976 1836 ad
995 1770 1110 1836 omnia
1129 1777 1272 1837 tractus.
1496 1800 1523 1837 so

317 1891 360 1954 10
383 1887 469 1953 Cum
488 1888 619 1974 Pylade
637 1889 702 1954 hoc
719 1889 840 1954 doceat
859 1894 893 1953 te
912 1888 1121 1954 sufficienter
1141 1887 1292 1969 OresteS,

380 2006 475 2071 Horo
495 2004 676 2092 ipsumque
695 2005 780 2071 alias
800 2005 1050 2071 monstrabitur
1065 2013 1170 2090 atque
1189 2004 1331 2070 Pericle.

872 2281 1026 2325 nunaunt

382 2488 602 2574 Quocumque
622 2513 641 2554 a
659 2497 790 2571 centro,
811 2510 1025 2575 quacumque
1045 2513 1064 2554 a
1084 2489 1225 2576 cuspide
1244 2490 1357 2555 fluxus

380 2604 596 2670 Clauduntur
611 2605 755 2690 gemini,
777 2606 902 2691 quibus
922 2615 973 2672 est
992 2607 1083 2672 basis
1102 2607 1173 2672 ulla
1191 2607 1322 2692 figurae

316 2716 357 2780 15
381 2721 527 2787 Finibus
546 2721 693 2805 adiecta,
713 2723 789 2787 heic
808 2724 1016 2808 triquetrum
1035 2747 1238 2809 cognoscere
1257 2724 1311 2789 fas
1329 2731 1382 2789 est
1494 2752 1521 2790 ⁵⁵

378 2837 478 2903 Illius
496 2844 640 2925 partem.
659 2839 769 2905 Docet
787 2839 851 2906 hoc
871 2841 984 2906 finitio
1003 2842 1122 2928 partis.

869 3116 1025 3159 MELAMPL

379 3323 644 3411 Gorgoniusque
663 3326 770 3412 probe
788 3333 959 3391 monstrat
977 3333 1171 3392 commenta
1191 3326 1367 3414 Melampi.

862 3605 1037 3649 PARTHENL

310 3821 354 3881 ‘20
377 3813 534 3899 Iuppiter
553 3812 589 3876 in
609 3811 787 3877 Charitum
808 3812 1018 3877 contendens
1037 3836 1164 3897 oraque
1183 3812 1312 3878 Bacchi

376 3929 551 4016 Praecipit
570 3936 609 3992 ut
628 3927 761 3993 Chariti
781 3929 971 4015 iungantur
991 3928 1159 4011 Bacchus²
1180 3935 1215 3993 et
1232 3928 1325 3994 idem

377 4047 469 4111 Hinc
488 4069 523 4110 se
542 4045 704 4131 Neptuno
723 4045 915 4130 adiungens
935 4045 1014 4109 inde
1035 4044 1260 4130 Erigonique‚

377 4161 551 4250 Praecipit
569 4162 756 4246 Erigonem
775 4161 998 4248 Neptunique
1016 4185 1076 4227 ora
1095 4160 1220 4226 subire.

376 4351 720 4360 0—----——-——

472 4451 502 4499 12
512 4452 591 4515 seruc
604 4451 763 4501 narrationi?
776 4453 810 4517 ef.
825 4466 909 4516 sopra
919 4469 950 4516 p.
966 4453 1017 4500 292
1079 4451 1108 4500 21
1119 4451 1199 4516 sorae
1211 4451 1349 4514 iungatur
